1894 3235
925 117 979 157 48

134 253 199 294 bis
245 251 531 304 exstitissent,
579 251 775 292 continuo
821 251 955 292 multa
998 251 1154 292 mundo
1202 254 1299 292 sunt
1330 250 1472 292 addita
1502 264 1675 306 corpora
1705 264 1759 292 ex

134 330 299 371 infinita
343 334 576 370 atomorum
622 329 768 383 copia,
800 329 911 370 unde
943 343 1057 371 mare
1090 334 1132 371 et
1163 334 1274 371 terra
1305 329 1548 370 crescebant
1581 333 1623 370 et
1654 328 1758 370 caeli

136 408 283 449 domus
313 407 441 448 fiebat
474 412 549 457 (vs.
586 408 694 447 1105
728 407 856 461 seqq.)

195 485 346 527 Omnia
391 484 443 526 ad
488 498 563 525 sua
600 497 757 538 genera
787 484 1017 538 recedunt,
1050 484 1202 526 humor
1232 485 1284 526 ad
1314 484 1534 526 humorem
1569 488 1759 537 „terreno

142 577 314 619 corpore
362 567 475 604 terra
507 562 656 603 erescit
689 566 730 602 et
773 561 916 616 ignem
953 562 1073 616 ignes
1104 563 1340 618 procudunt
1371 561 1553 618 aeraque
1585 562 1683 603 aer''
1706 562 1760 616 ¹),

138 656 222 683 non
252 645 394 682 tamen
424 640 477 681 ad
508 639 791 694 Anaxagorae
823 644 1008 680 mentem
1039 640 1121 693 ita,
1153 645 1199 681 ut
1230 641 1339 695 ignis
1370 641 1496 681 atomi
1527 640 1637 694 ignis
1655 639 1760 692 sint,

138 733 340 775 aquarum
372 718 599 774 primordia
630 732 768 773 aqua,
802 717 874 759 sed
904 722 951 759 ut
982 718 1109 759 atomi
1133 732 1238 774 quae
1260 719 1419 771 forma,
1451 717 1760 772 magnitudine,

136 796 322 852 pondere
369 800 491 851 aptae
539 796 620 836 sint
666 795 717 837 ad
765 795 870 836 haec
917 809 1091 851 corpora
1136 795 1378 849 formanda,
1411 796 1663 837 conveniant
1709 794 1762 836 ad

136 889 259 916 suum
281 888 472 930 quaeque
505 887 650 928 genus.
699 874 890 914 Primum
920 873 1025 914 haec
1056 874 1215 928 legenti
1245 874 1350 914 mira
1370 873 1637 915 videbuntur.
1684 873 1761 914 At—

133 957 275 994 tamen
321 952 447 1007 plane
491 966 585 992 cum
628 951 800 1006 Epicuri
832 951 1021 992 doctrina
1052 951 1320 991 conveniunt.
1382 952 1497 992 Ante
1529 951 1670 992 omnia
1701 955 1761 992 ta-

133 1044 231 1071 men
262 1030 493 1070 tenendum
526 1034 588 1070 est
620 1034 802 1082 terram,
851 1043 1030 1084 aquam,
1074 1043 1242 1082 aerem,
1284 1030 1426 1084 ignem
1457 1028 1524 1069 hic
1556 1043 1640 1070 non
1672 1042 1762 1070 esse

134 1112 348 1163 tamquam
396 1107 604 1148 elementa
651 1105 798 1146 eodem
845 1119 996 1159 sensu,
1058 1120 1138 1162 quo
1186 1105 1462 1161 Empedocles
1503 1105 1655 1147 docuit.
1725 1105 1762 1147 E

135 1186 242 1227 libro
288 1186 433 1241 quinto
481 1199 541 1225 vs.
575 1186 657 1225 449
691 1198 803 1239 seqq.
837 1184 949 1224 enim
982 1188 1157 1239 apparet
1189 1183 1418 1225 secundum
1450 1183 1669 1238 gravitatis
1699 1197 1763 1224 ra-

137 1263 295 1303 tionem
326 1271 486 1302 atomos
518 1275 560 1301 se
607 1274 884 1315 congregasse
932 1260 1019 1313 ita,
1066 1265 1111 1300 ut
1141 1260 1378 1301 levissimae
1420 1261 1550 1301 altum
1591 1259 1765 1301 aethera

131 1340 336 1393 facerent,
385 1353 493 1395 quae
543 1339 682 1379 minus
730 1344 869 1379 essent
900 1339 1041 1391 leves,
1075 1353 1241 1392 aerem,
1275 1352 1381 1394 quae
1412 1353 1555 1379 rursus
1585 1338 1764 1379 maiores

132 1423 271 1460 essent
316 1417 539 1473 pondere,
588 1431 768 1472 aquam,
801 1417 1071 1471 gravissimae
1105 1417 1284 1472 denique
1317 1421 1483 1458 terram.
1544 1417 1608 1458 Eo
1640 1431 1764 1458 sensu

132 1501 297 1537 tantum
342 1496 483 1536 omnia
542 1495 619 1547 „ad
661 1510 735 1536 sua
777 1495 914 1536 saecla
954 1495 1211 1549 recedunt’⁷;
1259 1509 1353 1535 cum
1385 1495 1591 1549 gravitate
1623 1499 1764 1536 autem

132 1574 265 1615 forma
312 1577 353 1614 et
400 1573 652 1628 magnitudo
694 1573 900 1614 artissime
933 1577 1028 1614 sunt
1061 1573 1251 1626 iunctae,
1284 1573 1521 1614 levissimae
1554 1573 1681 1613 atomi
1713 1572 1764 1613 si-

133 1653 221 1693 mul
269 1656 365 1693 sunt
399 1652 587 1693 maxime
620 1651 824 1692 rotundae
858 1656 899 1692 et
930 1652 1140 1692 minimae.
1203 1651 1401 1692 Ceterum
1432 1651 1536 1692 haec
1568 1655 1765 1706 quattuor

135 1745 278 1772 rursus
327 1734 424 1771 sunt
467 1730 697 1785 composita
728 1743 782 1770 ex
814 1730 962 1771 atomis
994 1743 1100 1785 quae
1131 1729 1290 1783 forma,
1322 1729 1640 1784 magnitudine,
1673 1743 1765 1784 gra-

135 1809 265 1850 vitate
298 1809 411 1849 inter
443 1822 486 1848 se
517 1808 743 1860 differunt,
775 1807 835 1848 ita
865 1812 912 1848 ut
943 1807 996 1848 ad
1027 1808 1165 1848 varias
1195 1822 1262 1848 res
1294 1807 1493 1848 creandas
1524 1808 1607 1848 sint
1625 1811 1761 1862 aptae.

138 1886 291 1928 Cetera
337 1886 381 1925 in
426 1885 533 1925 libro
581 1885 727 1940 quinto
776 1884 1113 1939 explicabuntur.
1176 1885 1365 1926 Tandem
1396 1885 1448 1926 ad
1479 1885 1764 1925 maturitatem

141 1964 258 2005 venit
289 1963 358 2004 hic
381 1963 584 2004 mundus:
618 1977 701 2004 non
733 1963 827 2018 plus
859 1963 1090 2004 addebatur
1121 1977 1245 2018 quam
1277 1963 1513 2016 defluebat3
1545 1962 1598 2003 ad
1614 1961 1765 2017 puber-

142 2046 273 2083 tatem
299 2042 428 2082 venit.
489 2041 539 2081 In
570 2041 791 2081 iuventute
824 2041 936 2081 enim
968 2041 1061 2096 plus
1093 2041 1171 2081 sibi
1203 2041 1427 2082 adsumunt
1460 2054 1585 2096 quam
1617 2039 1763 2080 demit-

142 2124 238 2160 tunt
288 2133 488 2174 corpora,
541 2119 738 2174 quoniam
791 2119 911 2160 facile
962 2124 1051 2160 tum
1083 2120 1126 2159 in
1157 2119 1307 2160 vitales
1337 2132 1466 2159 venas
1497 2117 1764 2159 committunt

142 2202 332 2250 atomos,
385 2201 426 2237 et
458 2211 552 2237 cum
583 2197 718 2250 magis
749 2200 965 2251 compacta.
996 2196 1078 2237 sint
1109 2211 1234 2252 quam
1264 2197 1307 2237 in
1340 2200 1580 2249 senectute,
1626 2195 1764 2236 minus

140 2275 263 2317 facile
326 2275 543 2316 dimittunt
603 2289 698 2315 suas
759 2279 931 2315 atomos.
1025 2274 1239 2329 Augmine
1291 2278 1479 2316 cessante
1544 2274 1764 2329 paullatim

142 2353 389 2394 relaxantur
438 2356 480 2393 et
524 2352 773 2392 minuuntur
817 2366 908 2405 res,
961 2352 1109 2393 atomis
1149 2353 1323 2393 amissis.
1383 2353 1451 2394 Sic
1504 2356 1616 2393 terra
1653 2367 1764 2394 nunc

145 2433 272 2471 etiam
322 2429 526 2471 decrescit
544 2430 589 2483 ²).
650 2429 741 2470 Iam
787 2429 967 2470 senescit
1011 2443 1148 2485 neque
1180 2430 1359 2485 amplius
1389 2444 1543 2485 magna
1572 2434 1765 2486 procreat

145 2508 370 2561 animalia,
407 2521 539 2563 „quae
585 2511 736 2548 cuncta
772 2508 930 2548 creavit
962 2507 1099 2549 saecla
1131 2507 1328 2563 deditque
1360 2507 1541 2548 ferarum
1576 2508 1766 2562 ingentia

145 2600 318 2641 corpora
348 2585 512 2640 partu'’.
580 2586 778 2640 „Iamque
811 2590 936 2640 caput
975 2599 1174 2640 quassans
1205 2585 1374 2640 grandis
1410 2586 1591 2641 suspirat
1627 2588 1765 2626 arator

145 2663 331 2704 crebrius
376 2663 584 2704 incassum
635 2677 834 2704 manuum
884 2663 1083 2704 cecidisse
1134 2663 1296 2704 labores
1347 2668 1389 2704 et
1440 2678 1534 2705 cum
1576 2668 1765 2718 tempora

190 2808 210 2843 ¹)
257 2808 312 2839 Vs.
339 2811 419 2840 1144
444 2819 512 2850 sqq.

187 2871 214 2909 ²)
262 2871 298 2902 D.
318 2872 344 2902 L
372 2871 406 2902 X
420 2897 426 2908 ,
446 2873 484 2904 73
497 2896 504 2908 ‚
525 2873 585 2904 74:
605 2873 656 2903 καὶ
674 2873 782 2904 πάλιν
799 2871 973 2904 &uthica-zu
991 2873 1116 2911 πάντα,
1135 2874 1175 2903 τὰ
1201 2873 1260 2912 μὲν
1277 2874 1407 2905 θᾶττον
1425 2871 1464 2904 τά
1487 2872 1517 2904 δὲ
1533 2871 1761 2913 βραδύτερον,

145 2934 199 2965 καὶ
233 2932 274 2964 τά
308 2935 366 2975 μὲν
398 2933 464 2967 ὑπὸ
496 2933 630 2966 τοιῶνδε
669 2933 711 2966 τά
744 2933 843 2968 δ’ὑπὸ
875 2934 1008 2967 τοιῶνδε
1042 2937 1142 2967 τοῦτο
1180 2937 1385 2976 πάσχοντα.
1407 2934 1511 2973 δῆλον
1543 2934 1604 2966 οὖν
1635 2935 1679 2972 ὡς
1709 2935 1764 2966 καὶ

146 2995 288 3037 φθαρτοὶ
314 2996 344 3028 οὶ
375 2996 508 3036 κόσμοι,
541 2996 835 3038 μεταβαλλόντων
867 3001 934 3029 τῶν
965 3001 1080 3039 μερῶν.
