1921 3235
944 128 1020 170 181

147 265 290 303 autem
335 261 557 303 Lucretius
587 261 786 303 inducere
817 276 900 304 non
930 266 1092 318 potest,
1136 262 1248 318 apud
1278 277 1374 304 eum
1405 263 1634 304 secundm
1665 277 1756 318 gra-

147 338 289 379 vitatis
329 339 534 379 rationem
565 338 753 380 eiusdem
784 339 952 394 generis
983 340 1110 381 atomi
1141 341 1379 394 confluunt,
1410 344 1458 381 ut
1488 341 1643 396 pagina
1675 342 1755 382 114

148 414 419 455 ostendimus.
481 414 661 456 Omnino
706 414 836 469 igitur
865 429 1011 456 versus
1040 416 1199 458 laudati
1230 416 1467 473 discrepant
1496 431 1541 458 re
1572 421 1614 458 et
1645 417 1756 458 simi-

146 493 280 534 litudo
310 493 467 534 formae
499 497 562 534 est
591 493 775 534 fortuita.
823 493 898 535 Vs.
932 495 1013 535 378
1044 508 1157 550 seqq.
1189 495 1316 536 etiam
1345 496 1482 536 minus
1513 499 1609 536 sunt
1640 496 1755 551 apti,

147 571 219 626 qui
260 570 550 624 conferantur,
598 584 693 611 cum
723 570 776 612 ad
821 570 1052 612 doctrinam
1092 571 1143 612 de
1173 585 1313 612 rerum
1344 572 1580 627 cognitione
1611 573 1756 614 referri

146 647 353 689 debeant:
384 650 481 704 γαίῃ
511 651 585 700 μὲν
615 648 697 702 ’γὰρ
730 655 854 702 γαῖαν
887 649 1208 701 ὀπώπαμεν,
1242 647 1356 691 ὕδατι
1390 648 1423 692 δ’
1459 648 1569 706 ὕδωρ
1603 654 1702 691 cett.

205 725 395 766 Ritterus
426 724 514 778 IV,
554 738 650 780 pag.
685 725 739 765 98
771 728 914 765 censet
945 725 1191 766 Lucretium
1221 725 1489 781 Empedoclis
1520 727 1637 783 sequi
1667 741 1757 768 sen-

147 802 323 843 tentiam
365 801 428 855 V,
469 803 550 843 837
583 815 696 858 seqq.
728 806 969 844 narrantem
1000 803 1072 858 qui
1101 803 1299 844 animalia
1328 803 1464 859 prima
1493 808 1592 845 nata
1622 805 1703 845 sint
1734 818 1757 846 e

146 884 285 933 terra,
332 879 539 935 imprimis
583 883 725 921 autem
765 884 951 921 monstra
992 884 1035 921 et
1065 884 1272 936 portenta.
1333 881 1417 922 Sed
1446 895 1541 937 pag.
1577 883 1652 923 141
1689 882 1756 924 de-

146 957 469 998 monstravimus
513 956 624 998 hunc
669 957 807 998 locum
854 958 1010 1013 optime
1052 972 1147 999 cum
1177 958 1351 1014 Epicuri
1380 959 1518 1000 verbis
1548 960 1592 1001 in
1622 960 1756 1015 Epist.

146 1034 200 1076 ad
245 1033 404 1075 Herod.
448 1035 528 1088 75,
575 1034 810 1075 convenire.
873 1034 1030 1082 Quodsi
1075 1035 1119 1076 in
1162 1035 1280 1077 brevi
1324 1035 1402 1078 hac
1444 1037 1620 1092 epistola
1649 1037 1757 1079 hanc

146 1125 236 1152 rem
280 1111 364 1153 iam
402 1111 544 1166 attigit
575 1115 616 1152 et
646 1111 901 1167 principium
931 1116 1106 1154 naturae
1136 1113 1181 1153 in
1211 1113 1355 1168 primis
1386 1114 1634 1155 animalibus
1665 1129 1757 1170 pro-

147 1187 336 1230 creandis
381 1187 617 1229 adhibitum
664 1188 887 1243 exposuit,
934 1203 1019 1230 non
1051 1189 1223 1230 dubium
1254 1193 1317 1231 est
1354 1203 1450 1231 eum
1481 1190 1525 1231 in
1554 1191 1671 1231 libris
1703 1192 1755 1232 37

145 1268 235 1320 περὶ
274 1267 436 1320 φύσεως
477 1264 656 1319 amplius
688 1264 739 1305 de
769 1264 848 1306 hoc
879 1265 969 1306 loco
1001 1266 1245 1321 exposuisse
1277 1270 1319 1307 et
1349 1266 1594 1307 Lucretium
1625 1281 1680 1308 ex
1708 1267 1759 1308 iis

143 1341 359 1396 hausisse,
408 1343 658 1398 praesertim
690 1357 786 1384 cum
815 1357 952 1399 neque
985 1345 1065 1385 837
1099 1358 1242 1400 seqq,
1274 1344 1347 1385 ubi
1378 1359 1473 1385 cum
1503 1344 1760 1400 Empedocle

146 1420 361 1475 congruit,
414 1434 552 1476 neque
607 1421 690 1462 878
737 1434 882 1477 seqq.,
928 1420 1001 1462 ubi
1048 1435 1145 1463 eum
1176 1425 1419 1477 oppugnat,
1466 1435 1563 1463 eum
1591 1422 1761 1463 nomine

145 1497 353 1539 indicarit.

201 1575 353 1616 Merito
399 1575 587 1630 Langius
614 1576 637 1630 ¹)
684 1575 828 1617 laudat
872 1576 1025 1617 elatam
1057 1576 1354 1630 cogitationem
1385 1590 1556 1630 eorum,
1598 1577 1668 1633 qui
1699 1581 1759 1618 to-

146 1656 237 1693 tum
278 1652 482 1693 mundum
536 1653 788 1708 omniaque,
837 1667 944 1709 quae
976 1653 1189 1706 continet,
1236 1653 1428 1695 omnibus
1463 1654 1597 1695 causis
1628 1654 1762 1695 finali-

144 1729 249 1783 bus,
295 1743 402 1785 quae
434 1729 649 1783 dicuntur,
693 1730 888 1784 omissis,
927 1744 982 1771 ex
1013 1734 1249 1771 atomorum
1280 1731 1367 1772 solo
1397 1735 1515 1772 motu
1547 1732 1760 1787 explicare

146 1810 378 1860 conantur,
424 1810 472 1848 ut
507 1806 815 1862 Empedocles,
862 1806 1099 1862 Epicurus,
1131 1807 1354 1849 Lucretius
1383 1808 1584 1849 fecerunt.
1647 1808 1760 1850 Cave

146 1887 289 1925 tamen
339 1897 391 1924 ne
432 1897 531 1924 casu
576 1888 619 1925 et
647 1883 753 1925 forte
784 1883 951 1926 fortuna
981 1888 1141 1926 atomos
1173 1899 1242 1926 eas
1274 1885 1588 1941 complexiones
1618 1886 1761 1927 iniisse

147 1964 294 2016 putes,
340 1960 375 2001 si
411 1960 579 2016 quidem
609 1961 829 2015 vulgarem
860 1975 1027 2002 sensum
1057 1962 1109 2002 iis
1139 1962 1354 2003 vocabulis
1384 1962 1591 2003 attribuis.
1650 1963 1762 2004 Nam

147 2036 227 2079 hoc
272 2041 437 2078 tantum
483 2052 581 2079 casu
627 2037 783 2079 factum
830 2042 920 2092 est,
965 2042 1013 2080 ut
1041 2053 1182 2080 rerum
1212 2039 1439 2094 primordia
1468 2040 1627 2081 incerto
1658 2043 1762 2081 tem-

147 2128 249 2170 pore
296 2115 551 2171 incertisque
596 2115 677 2156 loci
719 2115 865 2171 spatiis
911 2130 936 2157 a
979 2120 1096 2157 recta
1141 2116 1255 2157 linea
1286 2116 1516 2158 declinasse
1548 2117 1762 2172 coeperint

147 2191 290 2247 itaque
320 2192 396 2233 fati
426 2192 596 2234 foedera
625 2193 830 2248 ruperint.
882 2193 989 2235 Cum
1019 2197 1163 2234 autem
1195 2194 1325 2235 semel
1354 2194 1415 2235 ita
1444 2207 1488 2234 se
1518 2197 1761 2248 moverent,

148 2273 196 2310 ut
242 2269 382 2310 collidi
428 2274 626 2325 possent,
672 2284 743 2312 eos
776 2284 1024 2325 congressus
1054 2270 1225 2312 tandem
1256 2271 1384 2312 atomi
1415 2275 1662 2312 connectere
1695 2271 1763 2313 de-

148 2345 360 2399 buerunt,
390 2346 540 2402 quibus
570 2346 639 2388 hic
668 2347 850 2388 mundus
879 2347 1026 2402 viget,
1059 2361 1156 2388 nam
1173 2347 1337 2388 infinito
1360 2347 1494 2403 spatio
1517 2348 1762 2404 infinitaque

148 2426 337 2478 tempore
369 2424 498 2464 semel
528 2423 687 2479 positis,
720 2438 886 2478 omnes,
918 2438 1025 2480 quae
1056 2424 1231 2479 cogitari
1261 2428 1462 2480 possunt,
1509 2425 1762 2480 complexio-

149 2513 223 2540 nes
267 2503 502 2540 atomorum
545 2514 692 2556 reapse
739 2501 830 2542 fieri
876 2500 1043 2542 debent.
1103 2501 1164 2542 At
1204 2501 1314 2542 inter
1343 2501 1419 2542 has
1449 2501 1762 2557 complexiones

153 2576 423 2631 „possibiles”
454 2576 559 2619 haec
588 2591 674 2618 una
703 2581 794 2632 est,
828 2592 935 2634 quae
966 2578 1027 2620 ita
1055 2582 1218 2620 atomos
1250 2579 1418 2632 iunxit,
1449 2582 1497 2619 ut
1527 2592 1670 2619 omnes
1695 2592 1762 2620 res

151 2667 377 2708 omnesque
406 2657 571 2708 motus,
620 2668 726 2710 quae
757 2654 801 2695 in
832 2654 911 2696 hac
942 2659 1094 2696 natura
1123 2655 1353 2708 miramur,
1390 2655 1554 2696 efficere
1585 2655 1762 2697 debeat:

147 2729 252 2771 haec
282 2730 412 2784 igitur
442 2730 666 2787 aliquando
696 2731 789 2772 fieri
825 2732 1018 2774 debebat.
1069 2732 1189 2774 Idem
1218 2732 1499 2788 principium,
1531 2731 1642 2787 quod
1671 2732 1763 2773 fieri

147 2807 301 2862 possit,
360 2807 404 2848 id
466 2822 615 2849 revera
668 2808 760 2850 fieri
822 2809 1005 2864 debere,
1066 2810 1222 2866 ubique
1282 2823 1358 2865 per
1396 2813 1528 2851 totam
1567 2813 1762 2851 naturam

195 2980 220 3020 ¹)
265 2979 381 3012 Gesch.
405 2980 461 3011 des
484 2979 598 3011 Mater.
621 2990 695 3022 pag.
721 2980 793 3015 107.
