1894 3235
965 111 1044 151 110

194 243 264 299 qui
311 247 525 299 tamquam
572 244 736 284 animae
783 248 880 284 sunt
921 245 1169 286 caelestium
1213 259 1432 300 corporum
1474 247 1555 299 (41.
1589 246 1640 287 A.
1674 247 1746 301 D.)
1770 247 1814 301 ¹).

252 320 354 368 Quis
401 324 463 360 est
509 321 579 375 qui
625 321 667 360 in
714 319 839 361 huius
885 321 1098 362 doctrinae
1144 326 1314 362 auctore
1357 336 1440 362 non
1480 323 1595 363 videt
1626 323 1815 364 Lucretii

194 396 502 450 adversarium,
536 397 653 437 cuius
676 397 924 452 eloquenter
945 399 1139 453 exposita
1161 398 1349 439 doctrina
1368 432 1377 452 ,
1411 399 1583 440 deorum
1606 399 1708 440 dum
1729 400 1816 441 lau-

195 474 268 516 des
314 475 507 528 extollit,
554 474 699 515 mundi
741 475 971 530 perfectam
1002 477 1329 531 pulcritudinem
1361 477 1618 531 admiratur,
1664 482 1815 533 poetae

195 552 380 593 animum
427 552 656 593 acerbitate
701 552 911 593 imbutum
953 554 1117 595 irritare
1166 555 1310 596 debuit
1358 555 1444 608 ita,
1477 560 1523 596 ut
1561 570 1643 596 non
1677 556 1816 597 minus

194 630 440 685 eloquenter
487 644 583 670 eum
630 632 928 685 oppugnaret?
989 631 1102 686 Ergo
1149 647 1231 673 non
1279 634 1409 675 Stoici
1441 633 1514 674 sed
1545 634 1668 674 Plato
1699 633 1814 675 hisce

193 707 382 748 versibus
414 722 438 748 a
459 708 657 749 Lucretio
689 714 997 763 oppugnantur.
1061 710 1241 751 Omnino
1273 712 1429 752 nullius
1459 712 1545 752 fere
1578 711 1816 767 philosophi

193 786 459 840 cosmogonia
490 786 625 840 magis
656 786 707 827 ab
741 786 953 842 Epicurea
985 787 1194 843 discrepat
1225 803 1349 844 quam
1381 790 1583 830 Platonis.
1645 790 1695 830 In
1725 790 1817 845 ipsa

191 863 361 904 notione
407 863 552 904 mundi
601 878 726 919 quam
771 865 957 906 maxime
1005 865 1284 907 dissentiunt:
1334 867 1542 922 Epicurus
1574 868 1816 909 innumeros

192 955 282 982 esse
314 941 491 982 mundos
524 941 659 995 dixit,
692 942 815 983 Plato
847 957 979 984 uuum
1010 948 1204 985 tantum:
1236 944 1305 985 hic
1337 945 1527 986 Platonis
1549 945 1731 986 mundus
1753 949 1816 987 cst
1842 997 1847 1002 ⁸

191 1019 436 1060 universum
469 1023 511 1060 et
543 1024 678 1061 totum
710 1021 946 1076 quoddam,
980 1022 1089 1077 quod
1122 1023 1207 1063 suis
1238 1023 1426 1078 partibus
1458 1024 1689 1078 perfectum
1721 1037 1816 1065 con-

192 1101 295 1140 stat:
343 1097 517 1153 Epicuri
549 1103 694 1139 contra
724 1099 968 1140 universum
999 1099 1105 1140 nihil
1137 1104 1200 1141 est
1232 1115 1356 1156 quam
1388 1116 1550 1142 sumnia
1581 1105 1815 1143 atomorum

192 1180 234 1217 et
269 1177 388 1217 vacui
419 1176 508 1217 sine
541 1176 674 1218 forma
706 1176 889 1218 definita.

214 1238 218 1242 ¹
250 1253 450 1307 Consulto
481 1254 672 1295 Platonis
702 1255 814 1295 locos
847 1269 869 1296 e
901 1255 1074 1296 Timaeo
1106 1259 1271 1314 tantum
1299 1257 1578 1312 sumpsimus,
1617 1257 1815 1313 quoniam

190 1345 274 1372 non
296 1335 428 1372 totam
451 1331 535 1372 divi
556 1332 746 1373 Platonis
768 1332 1079 1388 philosophiam
1102 1333 1170 1374 hic
1192 1334 1327 1375 refelli
1349 1338 1546 1390 putamus
1565 1368 1574 1389 ,
1607 1335 1680 1376 sed
1702 1334 1815 1376 hunc

190 1409 325 1451 solum
354 1409 521 1450 librum.
585 1409 707 1458 Quod
757 1410 791 1451 si
837 1415 951 1452 recte
993 1411 1252 1453 ostendimus
1299 1413 1427 1452 etiam
1477 1412 1682 1454 difficilior
1730 1426 1814 1454 res-

189 1491 251 1530 tat
297 1487 505 1543 quaestio,
552 1502 653 1528 num
703 1502 777 1529 suo
827 1492 960 1529 marte
992 1489 1216 1530 Lucretius
1247 1490 1416 1531 Platoni
1449 1504 1618 1546 operam
1651 1490 1815 1532 dederit

190 1579 243 1606 an
290 1579 344 1606 ex
386 1565 560 1621 Epicuri
607 1565 772 1621 scriptis
814 1567 882 1607 vel
928 1567 1097 1609 aliunde
1144 1581 1240 1608 eum
1283 1569 1539 1623 cognoverit.
1601 1569 1814 1624 Diogenes

188 1642 384 1684 Laertius
405 1641 435 1697 2)
467 1644 685 1685 nobiscum
718 1646 998 1686 communicat
1029 1646 1260 1701 Epicurum
1293 1650 1393 1696 τούς
1424 1667 1463 1690 τε
1485 1651 1575 1701 περὶ
1604 1648 1814 1691 Πλάτωνα

190 1722 563 1773 Διονυσοκόλακας
595 1725 658 1763 καὶ
692 1723 820 1764 αὐτὸν
853 1723 1064 1765 Πλάτωνα
1097 1730 1287 1780 χρυσοῦν
1307 1738 1505 1779 VOCaSSO,
1538 1725 1649 1780 quod
1669 1726 1814 1781 procul

189 1799 314 1840 dubio
361 1799 404 1840 in
450 1800 606 1840 malain
652 1804 816 1855 partem
848 1800 1063 1856 adhibuit,
1096 1805 1142 1842 ut
1175 1816 1311 1843 nexus
1344 1803 1477 1844 docet.
1540 1803 1739 1845 Ceterum
1770 1804 1813 1845 in

188 1876 361 1932 Epicuri
399 1877 646 1931 fragmentis
678 1891 894 1932 nunquam
925 1878 1049 1919 Plato
1081 1879 1330 1920 nominatim
1363 1880 1592 1933 refellitur,
1625 1885 1813 1922 attamen

188 1958 251 1996 est
274 1955 410 2008 locus,
427 1955 539 1996 unde
557 1959 733 2010 apparet
754 1955 984 2010 Epicurum
1003 1956 1092 1997 eius
1115 1956 1348 1998 doctrinam
1369 1958 1652 2013 redarguisse,
1674 1972 1812 2015 neque

186 2032 265 2074 1100
283 2033 417 2074 solum
433 2047 581 2074 verum
599 2034 726 2074 etiam
750 2048 846 2074 euin
868 2034 1059 2075 Platonis
1077 2034 1298 2076 Timaeum
1315 2040 1412 2077 ante
1431 2037 1572 2077 oculos
1589 2036 1785 2079 habuisse
1801 2051 1809 2078 t

191 2116 305 2165 „tum
327 2111 519 2152 Velleius
536 2111 714 2153 fidenter
736 2125 858 2165 sane,
881 2116 928 2152 ut
950 2112 1086 2153 solent
1102 2113 1195 2167 isti,
1218 2113 1322 2154 nihil
1340 2118 1425 2155 tam
1443 2128 1591 2156 verens
1609 2130 1735 2172 quam
1758 2130 1810 2157 ne

187 2189 380 2231 dubitare
409 2191 551 2246 aliqua
574 2190 624 2231 de
643 2204 688 2232 re
710 2191 947 2244 videretur,
980 2196 1194 2246 tamquam
1216 2192 1338 2233 modo
1362 2206 1416 2233 ex
1439 2193 1611 2234 deorum
1635 2194 1810 2235 concilio

187 2271 301 2309 etex
318 2268 491 2324 Epicuri
513 2269 807 2310 intermundiis
826 2269 1113 2311 descendisset
1123 2273 1172 2323 3),
1204 2270 1359 2324 audite,
1383 2271 1541 2326 inquit,
1575 2285 1658 2313 non
1679 2272 1810 2313 futilis

186 2347 583 2403 commenticiasque
607 2347 840 2388 sententias
859 2380 868 2399 ,
899 2362 983 2388 11011
1006 2348 1197 2403 opificem
1219 2349 1613 2406 aedificatoremque
1634 2350 1779 2392 mundi
1798 2383 1808 2404 ,

185 2423 382 2466 Platonis
413 2425 461 2466 de
497 2425 662 2466 Timaeo
695 2425 845 2466 deum:
891 2439 968 2466 nec
999 2439 1126 2466 anum
1157 2426 1399 2481 fatidicam,
1439 2428 1675 2469 Stoicorum
1707 2431 1808 2483 πρό-

230 2619 253 2660 l)
302 2619 391 2650 Illud
422 2619 500 2651 item
523 2630 588 2651 non
616 2623 666 2651 est
700 2623 736 2651 ut
769 2619 871 2660 possis
895 2621 1044 2659 credere,
1068 2622 1158 2653 sedes
1182 2632 1250 2653 esse
1273 2623 1368 2654 deum
1392 2625 1519 2654 sanctas
1541 2622 1576 2653 in
1598 2622 1711 2654 mundi
1734 2633 1806 2664 par-

184 2680 274 2714 tibus
297 2681 393 2720 ullis,
418 2693 465 2713 vs.
492 2681 564 2713 146.

227 2745 254 2786 2)
301 2745 357 2784 Χ,
384 2747 412 2777 8.

227 2807 251 2847 ³)
299 2808 444 2839 Eandem
476 2807 705 2839 confidentiam
740 2811 838 2850 atque
873 2808 1008 2849 Epicuri
1041 2809 1075 2841 in
1105 2821 1163 2841 sua
1186 2809 1332 2841 doctrina
1354 2811 1544 2851 exponenda
1566 2811 1707 2851 produnt
1727 2810 1806 2843 haec

185 2869 329 2902 Lucretii
344 2871 461 2902 verba:
480 2871 605 2909 „multo
621 2876 708 2903 certa
723 2872 848 2904 ratione
864 2872 967 2913 magis
983 2884 1081 2914 quam
1098 2873 1227 2915 Pythia,
1246 2884 1328 2915 quac
1340 2873 1465 2914 tripode
1478 2884 1496 2904 a
1510 2873 1632 2905 Phoebi
1649 2873 1805 2915 lauroque

183 2933 348 2973 profatur,
370 2933 474 2965 multa
495 2934 557 2966 tibi
578 2934 748 2975 expediam
766 2935 868 2967 doctis
885 2935 1004 2967 solacia
1017 2935 1133 2968 dictis'’
1160 2947 1207 2968 vs.
1229 2939 1298 2967 111.
1323 2936 1407 2968 Sane
1418 2947 1483 2968 non
1499 2936 1595 2968 nimis
1617 2937 1723 2968 audax
1745 2937 1806 2969 erit

186 2996 244 3037 qui
266 3000 359 3036 putet
381 3001 555 3038 utrumque
570 3022 576 3036 ‚
603 2997 789 3030 Ciceronem
813 3005 844 3030 et
861 2998 1048 3030 Lucretium
1063 3023 1070 3036 ‚
1095 3000 1134 3030 ad
1151 2999 1288 3031 eundem
1302 2998 1438 3040 Epicuri
1449 2999 1555 3031 locum
1568 2999 1621 3031 1110
1634 2999 1802 3041 respicere.

1891 1740 1894 1747 ι
