1894 3235
916 128 969 167 86

139 268 360 319 κατασχεῖν
404 262 452 305 τὸ
500 268 709 318 στοιχεῖον
743 293 751 301 .
789 293 798 302 .
832 293 841 302 .
877 292 886 302 .
919 264 982 303 καὶ
1029 263 1090 303 ὅτι
1132 264 1194 303 καὶ
1242 260 1291 303 ra*
1321 263 1431 317 τάχη
1462 260 1760 317 ἀνυπέρβλητα

139 341 242 397 ἕχει,
273 342 408 390 πάντη
437 341 574 395 πόρον
606 341 838 393 σύμμετρον
870 339 1023 394 ἔχοντα
1055 337 1118 381 Sca*
1149 340 1196 380 τὸ
1229 341 1270 381 ἐν
1292 340 1445 394 ἀπείρῳ
1467 340 1609 387 αὐτοῖς
1630 342 1759 392 μηθὲν

140 419 397 461 ἀντικόπτειν
443 417 467 466 ἢ
511 416 625 471 ὀλίγ’
656 417 912 457 ἀντικόπτειν
945 415 1112 468 (ἄλλοις
1145 415 1185 458 δε
1217 420 1279 458 καὶ
1314 416 1499 471 ἀπείροις
1532 417 1655 465 εὐθὺς
1688 416 1761 458 ἆν-

139 497 315 538 τικόπτει
359 495 409 548 τι)
456 493 705 549 quibuscum
752 492 930 533 conferri
970 497 1110 548 potest
1141 493 1251 549 quod
1283 494 1506 535 Lucretius
1539 494 1650 535 canit
1680 493 1759 534 IV.

143 575 246 614 190:
297 587 403 628 „qua
433 576 604 627 propter
635 570 857 612 simulacra
887 571 978 626 pari
1009 572 1169 613 ratione
1202 563 1467 614 necessecst
1499 573 1761 613 immemora-

138 650 223 691 bile
268 663 343 705 per
373 649 554 704 spatium
584 653 868 689 transcurrere
899 662 1020 703 posse
1051 650 1251 704 temporis
1282 650 1325 690 in
1363 655 1547 705 puncto,
1580 650 1761 705 primum

140 727 251 784 quod
310 727 482 782 parvola
535 740 660 768 causa
690 728 711 780 ¹)
773 730 835 767 est
877 726 1023 781 procul
1070 741 1094 767 a
1135 736 1255 781 tergo
1303 741 1408 783 quae
1456 727 1661 783 provehat
1702 731 1762 768 at-

141 818 221 860 que
262 804 491 860 propellat,
538 803 688 845 deinde
729 803 839 859 quod
884 817 1016 859 usque
1063 804 1166 845 adeo
1213 809 1384 846 textura
1434 805 1625 861 praedita
1670 819 1764 847 rara

139 882 392 935 mittuntur,
438 881 559 923 facile
602 886 648 922 ut
696 882 862 937 quasvis
908 886 1130 936 penetrare
1163 888 1319 938 queant
1350 897 1416 924 res
1449 891 1489 924 et
1521 884 1638 939 quasi
1670 897 1763 939 per-

141 972 311 999 manare
356 972 432 1014 per
476 958 584 999 aeris
628 957 941 998 intervallum”.
1017 958 1211 1014 Denique
1257 973 1340 1000 non
1386 973 1606 1014 possumus
1651 958 1763 1000 hunc

139 1035 279 1076 locum
310 1035 457 1088 finire,
491 1039 715 1090 antequam
747 1035 1167 1076 animadverterimus
1197 1036 1443 1077 Lucretium
1477 1037 1588 1077 inter
1625 1041 1764 1077 cetera

142 1117 391 1167 argumenta
437 1127 568 1153 unum
614 1113 785 1166 afferre,
831 1113 875 1153 in
906 1128 987 1168 quo
1024 1114 1236 1168 propriam
1268 1114 1358 1155 cius
1390 1114 1662 1169 sagacitatem
1695 1114 1764 1155 de-

142 1190 389 1231 sideramus.
451 1190 592 1231 Versu
639 1192 748 1231 209:
799 1190 918 1243 „Hoc
965 1190 1115 1245 etiam,
1162 1191 1299 1247 inquit
1346 1196 1496 1247 poeta,
1543 1192 1586 1232 in
1617 1192 1764 1247 primis

142 1268 356 1324 specimen
401 1282 549 1309 verum
590 1282 679 1309 esse
711 1268 878 1309 videtur
909 1283 1033 1324 quam
1065 1269 1191 1310 celeri
1222 1274 1338 1310 motu
1370 1283 1511 1310 rerum
1544 1270 1765 1312 simulacra

140 1346 357 1401 ferantur,
389 1346 500 1403 quod
532 1347 654 1388 simul
686 1360 734 1388 ac
765 1347 946 1402 primum
979 1347 1054 1388 sub
1087 1347 1158 1388 diu
1190 1347 1386 1402 splendor
1418 1347 1540 1403 aquai
1571 1347 1763 1403 ponitur,

145 1425 359 1480 extemplo
405 1425 520 1466 caelo
563 1425 758 1466 stellante
799 1439 946 1466 serena
984 1425 1121 1466 sidera
1161 1425 1417 1480 respondent
1447 1426 1491 1466 in
1521 1439 1631 1480 aqua
1661 1426 1766 1467 radi-

139 1503 255 1545 antia
298 1503 467 1544 mundo.
529 1503 677 1545 Iamne
722 1504 834 1545 vides
883 1505 1011 1559 e'ylz‘m·
1057 1518 1182 1559 qnam
1224 1509 1380 1558 puncto
1413 1509 1589 1559 tempore
1629 1505 1765 1560 imayo

144 1581 322 1622 aetheris
354 1596 402 1628 ex
438 1582 522 1622 oris
556 1582 598 1622 in
631 1586 842 1622 terrarum
873 1582 1035 1622 accidat
1066 1595 1162 1623 oras
1181 1582 1228 1622 ‚9'’
1276 1582 1335 1623 At
1368 1583 1409 1623 in
1440 1582 1518 1624 hac
1549 1583 1640 1638 ipsa
1670 1597 1765 1624 con-

147 1659 332 1701 clusione
371 1659 483 1700 inest
513 1659 677 1700 vitium.
738 1659 914 1715 Semper
946 1659 1057 1700 enim
1089 1660 1178 1701 sine
1209 1660 1296 1701 ulla
1326 1660 1633 1716 interruptione
1664 1660 1765 1702 ima-

144 1737 264 1792 gines
311 1737 452 1779 docuit
497 1752 522 1779 a
561 1737 804 1793 corporibus
846 1737 1016 1779 dissolvi
1058 1741 1183 1794 atque
1229 1753 1305 1794 per
1350 1752 1492 1780 aerem
1522 1739 1699 1780 volitare
1717 1737 1763 1793 2).

141 1930 213 1963 coll.
246 1929 418 1971 adscripsit
449 1929 627 1970 τοσούτου)
659 1932 697 1963 τὸ
722 1930 825 1972 τάχος
849 1933 910 1969 τῆς
933 1932 1039 1972 φορᾶς
1061 1931 1106 1972 μὴ
1129 1930 1417 1971 ἀντικοπτόμενον
1440 1932 1679 1972 καταλίπωμεν
1701 1931 1766 1964 huc

140 2005 206 2026 non
228 1993 397 2025 referenda
419 1996 505 2025 sunt.
553 1991 635 2029 Quis
657 1992 744 2024 enim
767 1996 816 2024 est
839 1992 895 2035 qui
919 2003 1030 2025 eorum
1045 1993 1080 2024 in
1096 1993 1157 2025 hoc
1173 2004 1261 2025 nexu
1278 1993 1550 2035 significationem
1565 1993 1766 2035 perspiciat?

141 2056 193 2087 De
216 2066 281 2087 uno
304 2055 357 2087 vel
379 2054 528 2096 pluribus
551 2053 630 2087 locis
653 2054 688 2085 in
712 2054 875 2095 superiore
897 2055 1100 2097 paragrapho
1123 2067 1188 2088 non
1211 2060 1279 2088 erat
1302 2067 1423 2094 sermo,
1446 2067 1551 2098 neque
1574 2057 1613 2088 de
1636 2067 1766 2098 corpore

143 2120 229 2162 quod
262 2120 411 2152 deorsum
445 2119 571 2157 fertur,
608 2128 713 2160 neque
747 2119 786 2150 de
821 2120 972 2160 αἰσθητῷ
997 2122 1126 2161 χρόνῳ,
1162 2121 1247 2161 quod
1282 2123 1350 2157 τοῖς
1385 2120 1436 2151 διὰ
1460 2123 1561 2163 λόγου
1585 2122 1766 2161 θεωρητοῖς

141 2186 277 2225 χρόνοις
315 2181 434 2223 opponi
470 2181 582 2222 possit.
637 2181 923 2222 Transponendam
963 2192 1031 2214 esse
1071 2192 1184 2214 censeo
1213 2182 1297 2214 hanc
1335 2185 1459 2223 partem
1499 2186 1572 2224 post
1616 2193 1765 2225 paragra-

141 2246 244 2287 phum
271 2247 321 2277 62.

185 2310 207 2347 ¹)
254 2308 392 2341 Parvola
426 2319 544 2347 causa,
577 2318 615 2340 ea
647 2318 764 2349 nempe
787 2308 853 2346 vis,
878 2319 961 2350 quae
990 2308 1166 2340 simulacra
1188 2320 1207 2340 a
1229 2308 1416 2349 corporibus
1441 2309 1554 2341 evellit
1576 2312 1609 2341 et
1633 2308 1764 2341 emittit.

141 2372 229 2404 Mira
253 2382 329 2404 sane
353 2375 402 2404 est
424 2371 665 2413 argumentatio
689 2371 887 2403 celeritatem
910 2371 1091 2413 imaginum
1104 2383 1306 2412 permayuam
1323 2382 1410 2410 esse,
1434 2383 1507 2403 cum
1520 2374 1651 2411 parvola
1669 2383 1766 2404 causa

141 2445 195 2466 eas
217 2433 392 2475 propellat,
417 2437 561 2465 attamen
584 2444 657 2465 cum
681 2434 821 2465 Munroo
839 2435 971 2473 pare-ola
994 2434 1035 2464 ad
1058 2433 1230 2465 simulacra
1253 2434 1370 2465 referre
1394 2434 1447 2466 vel
1471 2445 1544 2465 cum
1570 2434 1766 2466 Susemihlio

143 2495 242 2539 (Phil.
280 2495 412 2528 XXIX.
445 2507 476 2537 p.
510 2498 582 2534 434)
618 2507 730 2528 versus
754 2495 879 2538 aliquot
901 2496 1063 2528 interiisse
1085 2500 1199 2537 putare
1222 2496 1344 2528 nolim:
1383 2496 1492 2538 potius
1515 2508 1589 2528 cum
1613 2497 1765 2538 Briegero

144 2559 243 2602 (Phil.
278 2559 336 2597 1.1.)
375 2563 455 2600 puto
491 2558 527 2590 in
554 2561 687 2599 parvola
725 2559 843 2591 vitium
880 2559 991 2591 latere.
1038 2559 1128 2596 Quae
1166 2559 1208 2591 sit
1237 2559 1317 2591 haec
1341 2570 1437 2591 causa
1459 2560 1536 2591 satis
1559 2560 1765 2601 perspicuum

141 2626 190 2656 est
212 2633 230 2655 e
252 2622 492 2664 comparatione
523 2633 598 2654 cum
621 2622 697 2655 solis
719 2622 813 2661 luce,
853 2633 935 2664 quae
957 2622 1105 2664 sequenti
1131 2622 1324 2663 propellitur
1349 2622 1467 2664 plaga,
1491 2622 1553 2655 etsi
1582 2623 1764 2655 accuratius

141 2697 212 2718 eam
242 2685 421 2718 describere
454 2689 548 2726 poeta
578 2685 734 2727 neglexit.
781 2686 951 2717 Praeterea
987 2696 1175 2717 moneamus
1204 2696 1221 2717 e
1244 2689 1352 2717 mente
1375 2685 1511 2726 Epicuri
1533 2690 1656 2718 motum
1679 2686 1763 2718 inse-

141 2747 319 2789 parabilem
342 2758 410 2780 esse
433 2747 587 2780 materiae
609 2748 859 2789 proprietatem,
884 2748 924 2780 D.
950 2749 987 2780 L.
1012 2749 1056 2780 X.
1081 2751 1140 2780 43:
1174 2751 1345 2782 κινοῦνταί
1371 2762 1403 2781 τε
1422 2753 1569 2791 συνεχῶς
1586 2750 1619 2781 αὶ
1634 2751 1761 2790 ἄτομοι.

145 2811 234 2843 Sext.
259 2811 353 2852 Emp.
381 2814 418 2842 10
433 2835 441 2850 ,
475 2813 533 2843 221
553 2835 560 2842 .
579 2835 586 2843 .
606 2835 613 2842 .
638 2815 698 2850 τῆς
721 2811 849 2849 α’τόμου
863 2837 870 2849 ,
897 2814 951 2845 ὅτε
968 2814 1043 2844 καθ’
1064 2811 1189 2850 ἑαυτὴν
1204 2813 1315 2850 ἔστιν,
1334 2813 1523 2850 αἐικινήτου
1541 2814 1763 2851 καθεστώσης.

141 2874 197 2907 Vs.
227 2876 285 2906 195
309 2885 346 2906 eo
367 2874 459 2914 loco,
482 2874 539 2906 ubi
562 2874 695 2906 Lachm.
721 2885 795 2906 eum
819 2874 976 2913 collocat,
1000 2878 1073 2916 post
1096 2886 1144 2907 vs.
1163 2877 1222 2906 205
1241 2900 1248 2914 ,
1273 2879 1346 2917 apte
1363 2875 1504 2917 positum
1521 2886 1588 2908 esse
1604 2875 1764 2908 credimus

142 2936 237 2969 modo
260 2938 414 2976 serantur
443 2940 533 2969 mute
555 2940 610 2968 tur
631 2936 666 2968 in
687 2941 857 2977 ‚qenuncutn

185 2999 214 3040 ²)
259 2999 314 3031 Vs.
343 3001 412 3031 155.
460 2999 500 3032 D.
523 2999 561 3031 L.
586 3000 630 3032 X.
655 3002 716 3031 48:
744 3001 763 3038 ἡ
788 3002 915 3043 γένεσις
939 3004 1007 3034 τῶν
1029 3000 1174 3033 εἰδώλων
1197 3005 1272 3034 cett.
