1894 3235
936 99 991 140 42

150 242 275 283 quam
306 228 438 284 ignis,
470 244 550 286 quo
582 230 628 271 fit
659 235 705 271 ut
735 231 833 286 igne
865 232 918 273 sit
949 233 1231 288 penetralius,
1264 234 1374 290 quod
1395 234 1660 277 Democritus
1681 236 1766 278 iam

151 305 355 347 ostendit:
406 308 453 349 τὸ
506 311 719 363 κεραύνιον
770 313 853 364 πῦρ
906 309 1094 366 ἀκριβείᾳ
1147 315 1209 353 καὶ
1262 311 1479 362 λεπτότητι
1524 316 1766 366 θαυμαστόν

150 385 259 425 ἐστιν
283 387 322 433 ¹).
391 385 522 426 Porro
569 399 591 426 e
641 385 764 426 modo
816 400 896 442 quo
944 401 1090 429 sensus
1136 390 1266 430 nostri
1313 390 1462 431 atomis
1507 390 1766 444 afficiuntur,

153 474 296 502 earum
327 461 459 503 forma
491 463 683 517 cognosci
715 469 874 518 potest,
907 479 1012 520 quae
1043 480 1110 507 res
1142 467 1270 508 tactui
1302 467 1370 507 vel
1400 467 1541 521 gustui
1574 468 1640 508 vel
1671 468 1768 509 odo-

151 539 260 579 ratui
308 544 404 580 suut
435 539 663 590 iucundae,
713 553 855 582 earum
887 542 1115 596 primordia
1147 557 1196 584 ea
1225 544 1357 585 forma
1388 558 1478 585 esse
1510 533 1690 598 debent,
1722 549 1768 586 ut

151 630 321 670 manus,
367 617 578 671 linguam,
619 631 741 658 nares
788 632 871 659 non
917 619 1111 674 laedant,
1160 622 1271 663 levia
1311 622 1441 677 igitur
1487 628 1528 663 et
1566 622 1767 677 rotunda3

151 707 438 750 quaecumque
471 699 614 735 contra
656 695 821 750 ingrata
853 702 971 750 sunt,
1009 697 1168 739 habent
1199 704 1358 740 atomos
1388 699 1605 753 hamatas,
1650 701 1769 742 uncis

150 771 371 827 praeditas.
447 772 675 813 Praeterea
729 778 826 814 sunt
872 774 980 815 aliae
1027 789 1133 830 quae
1186 777 1372 831 angellos
1402 776 1583 829 habent,
1618 778 1769 833 quibus

150 848 322 889 titillare
367 858 540 904 possunt
571 863 648 891 nec
679 850 863 892 laedunt.
926 850 1043 899 Quae
1077 851 1181 893 dura
1211 866 1259 893 ac
1291 853 1422 908 spissa
1452 861 1547 894 sunt
1578 858 1770 895 constant

150 940 205 967 ex
246 926 425 968 hamatis
468 933 509 968 et
550 928 768 983 perplexis
808 929 985 970 atomis:
1029 943 1137 985 quae
1169 930 1297 971 fluida
1328 936 1424 971 sunt
1455 945 1477 972 e
1509 931 1697 972 rotundis
1728 935 1771 972 et

150 1005 342 1046 levibus:
386 1020 492 1062 quae
533 1021 675 1048 amara
724 1012 765 1048 et
806 1012 948 1048 tamen
989 1007 1118 1048 fluida
1162 1013 1258 1048 sunt
1307 1022 1360 1049 ex
1407 1014 1583 1065 utroque
1615 1023 1770 1064 genere

151 1088 247 1124 sunt
286 1083 407 1125 facta.
481 1084 524 1126 Si
566 1099 751 1126 amaram
798 1085 924 1126 maris
965 1099 1117 1141 aquam
1163 1086 1424 1141 percolamus
1468 1101 1543 1142 per
1588 1091 1770 1141 terram,

151 1159 312 1201 dulcior
340 1161 387 1202 fit
424 1176 533 1217 aqua
564 1168 811 1217 propterea,
845 1162 944 1217 quia
973 1163 1102 1203 atomi
1133 1163 1332 1216 acerbae,
1379 1164 1497 1204 uncis
1528 1164 1741 1219 praeditae
1759 1197 1770 1218 ,

150 1242 262 1279 terra
292 1239 539 1280 retinentur.
601 1239 723 1280 Haec
763 1239 904 1280 omnia
935 1240 1154 1294 ingeniose
1185 1241 1358 1282 inventa
1389 1255 1444 1282 ex
1474 1241 1647 1297 Epicuri
1678 1241 1771 1283 doc-

149 1317 259 1358 trina
290 1323 426 1358 sumta
457 1331 571 1371 esse,
619 1318 794 1374 quisque
826 1318 947 1359 facile
979 1318 1140 1359 videbit
1172 1333 1227 1360 ex
1257 1318 1372 1360 hisce
1405 1319 1578 1375 Epicuri
1609 1319 1769 1362 verbis:

149 1394 201 1436 D.
235 1395 283 1436 L.
316 1395 381 1436 X:
429 1397 483 1436 42
516 1397 565 1438 οὐ
608 1395 720 1451 (γάρ)
761 1394 941 1439 δυνατὸν
987 1400 1180 1451 ’γενέσθαι
1225 1397 1300 1447 τᾶς
1332 1400 1540 1446 τοσαύτας
1572 1396 1772 1454 ὃιαφορᾶς

149 1475 190 1515 ἐκ
221 1477 304 1515 τῶν
337 1474 475 1515 αὐτῶν
508 1474 739 1530 σχημάτων
771 1478 812 1514 et
844 1475 926 1527 53,
959 1476 1040 1515 54:
1085 1479 1147 1516 καὶ
1181 1477 1263 1528 μὴν
1296 1478 1359 1516 καὶ
1390 1477 1467 1524 τὴν
1498 1477 1633 1527 ὀσμὴν
1664 1495 1774 1528 νομι-

150 1553 270 1593 στέον
289 1583 429 1591 .....
479 1553 554 1593 οὐκ
602 1551 652 1593 ἄν
697 1570 798 1594 ποτε
839 1553 982 1600 πάθος
1013 1552 1139 1594 οὐδὲν
1171 1553 1427 1607 ἐργάσασθαι
1448 1586 1456 1601 ,
1506 1555 1535 1595 εἰ
1566 1555 1620 1607 μὴ
1653 1554 1772 1608 ὄγκοι

149 1633 254 1678 τινὲς
302 1632 407 1678 ἦσαν
455 1630 536 1671 ἀπὸ
582 1634 655 1671 τὸυ
698 1631 944 1685 πράγματος
990 1630 1293 1685 ἀποφερόμενοι
1335 1633 1553 1684 σύμμετροι
1585 1631 1692 1686 πρὸς
1724 1632 1771 1673 τὸ

148 1713 273 1750 τοῦτο
313 1709 360 1750 τὸ
393 1711 665 1764 αἰσθητήριον
699 1715 845 1759 κινεῖν,
889 1711 928 1750 οἶ
958 1712 1032 1761 μὲν
1063 1715 1167 1750 τοῖοι
1200 1711 1512 1764 τεταραγμένως
1545 1712 1608 1751 καὶ
1640 1708 1772 1751 ἄλλο·

149 1789 303 1841 τρίως,
336 1788 375 1828 οἱ
408 1785 448 1828 δὲ
480 1792 585 1828 τοῖοι
618 1786 842 1842 ἀταράχως
876 1789 939 1828 καὶ
971 1789 1129 1838 οἰκείως
1161 1786 1347 1842 ἔχοντες.
1395 1786 1604 1842 Epic-urus
1630 1791 1772 1828 autem

149 1864 439 1905 Democritum
471 1869 637 1905 secutus
669 1868 732 1905 est
765 1864 843 1915 (Cf.
877 1864 1071 1905 Democr.
1105 1864 1217 1919 apud
1247 1864 1368 1905 Miill.
1400 1864 1546 1920 fragm.
1571 1878 1665 1920 pag.
1689 1866 1771 1907 362

149 1946 238 1997 περὶ
274 1942 452 1999 χυλῶν).

207 2019 303 2060 Non
324 2024 466 2060 tamen
488 2019 675 2059 infinitus
696 2033 895 2059 numerus
918 2022 981 2059 est
1001 2018 1233 2073 figurarum
1256 2024 1489 2060 atomorum
1509 2034 1516 2060 :
1545 2033 1642 2061 nam
1660 2019 1694 2060 si
1713 2019 1773 2061 ita

150 2097 209 2137 ita
241 2102 371 2150 esset,
403 2097 591 2138 infinitae
613 2097 904 2151 magnitudine
927 2101 1067 2138 essent
1090 2097 1231 2138 atomi.
1292 2097 1377 2138 Fac
1403 2097 1515 2137 enim
1537 2101 1726 2138 constent
1748 2110 1771 2138 e

151 2176 175 2215 3
207 2175 274 2215 vel
306 2177 331 2215 4
362 2175 430 2215 vel
463 2177 486 2215 5
519 2174 704 2215 minimis
736 2174 949 2229 partibus,
983 2174 1033 2215 de
1066 2174 1217 2230 quibus
1250 2174 1292 2214 in
1321 2174 1426 2215 libro
1448 2175 1582 2229 primo
1607 2174 1772 2230 exposi-

150 2257 239 2293 tum
273 2257 347 2294 est.
381 2253 477 2294 Hac
509 2253 543 2293 si
574 2253 700 2293 variis
731 2252 893 2305 modis,
927 2252 1119 2293 omnibus
1150 2252 1527 2308 permutationibus
1549 2251 1771 2306 adhibitis,

151 2330 423 2384 ordinentur,
467 2345 687 2372 numerum
734 2330 951 2371 definitum
1003 2329 1185 2371 efficiant
1230 2342 1400 2370 necesse
1432 2334 1495 2370 est
1528 2329 1770 2384 figurarum.

151 2409 272 2457 Quod
304 2410 337 2450 si
369 2410 510 2465 plures
541 2410 604 2450 vis
625 2409 778 2450 formas
797 2442 805 2462 ,
839 2422 1009 2450 necesse
1031 2414 1094 2449 est
1115 2408 1243 2449 addas
1264 2408 1366 2449 alias
1388 2408 1582 2449 minimas
1603 2412 1770 2463 partes,

152 2487 225 2528 sed
271 2493 359 2528 tum
407 2488 533 2529 etiam
571 2488 698 2529 atomi
729 2488 908 2528 maiores
943 2487 1072 2528 fient:
1120 2500 1219 2541 ergo
1256 2486 1506 2539 „formarum
1539 2486 1772 2527 novitatem

152 2556 335 2621 corporis
377 2579 558 2620 augmen
605 2565 899 2621 subsequitur''
949 2565 1092 2618 (495),
1141 2564 1213 2605 sed
1267 2565 1300 2605 si
1347 2564 1535 2604 infinitus
1573 2568 1635 2605 est
1669 2563 1772 2618 figu-

150 2657 291 2684 rarum
338 2657 563 2696 numerus,
610 2643 738 2684 atomi
785 2643 911 2683 etiam
942 2642 1113 2683 immani
1145 2641 1434 2696 magnitudine
1468 2645 1601 2683 erunt.
1644 2641 1771 2682 Prae-

152 2726 267 2762 terea
300 2721 333 2761 si
364 2721 551 2762 infinitus
583 2725 692 2761 esset
723 2721 952 2774 figurarum
983 2734 1202 2773 numerus,
1235 2734 1317 2760 non
1336 2724 1474 2760 certus
1496 2722 1604 2759 esset
1624 2717 1771 2759 modus

152 2799 195 2839 in
245 2799 395 2852 rebus,
447 2799 552 2840 aliae
600 2812 765 2853 semper
815 2797 907 2838 aliis
958 2797 1093 2838 forent
1144 2797 1374 2853 pulcriores
1424 2797 1492 2837 vel
1538 2796 1770 2837 taetriores.

196 2982 220 3021 ι)
267 2982 419 3014 Miillach
436 3007 444 3021 ,
469 2982 584 3023 fragm.
610 2982 758 3014 Democr.
782 2991 856 3022 pag.
881 2982 941 3012 359
956 3005 963 3019 ,
991 2983 1039 3012 ll.

1891 2789 1894 2861 ἐ

1888 2872 1894 2950 ἒ
