1894 3235
930 111 1008 151 126

154 251 279 304 atque
327 246 377 288 de
423 247 524 287 luna
568 245 749 298 similia,
793 258 885 286 eam
917 249 1078 287 tantam
1111 259 1229 299 esse,
1277 249 1434 301 quanta
1463 245 1583 286 nobis
1614 245 1657 286 in
1687 245 1772 286 alto

154 325 345 367 videatur
378 326 520 379 (584),
554 337 648 365 cum
681 323 832 364 deinde
862 338 1004 364 rursus
1035 323 1161 365 addat
1192 323 1375 364 aetheris
1406 324 1524 378 ignes
1560 323 1772 378 „pauxillo

151 417 272 460 posse
293 403 476 444 minores
492 415 582 442 esse
601 401 668 441 vel
690 401 846 455 exigua
866 401 1043 442 maiores
1064 406 1182 456 parte
1199 401 1442 456 brevique''.
1474 401 1627 442 Procul
1646 400 1771 441 dubio

153 481 327 537 Epicuri
374 479 613 535 opinionem
645 492 729 519 non
759 478 977 533 perspexit
1007 484 1165 533 poeta·
1205 478 1440 534 Epicurus,
1493 478 1771 519 etiamsinon

153 558 498 601 animadverterit
548 556 672 609 „solis
718 556 879 597 rotam’'
927 561 1086 597 aestate
1133 557 1221 597 sive
1252 557 1294 597 in
1326 556 1463 597 cancri
1494 560 1608 597 meta
1638 555 1771 597 solsti-

152 637 241 678 tiali
286 636 405 677 nobis
450 634 656 675 minorem
686 633 821 674 videri
853 648 978 689 quam
1009 648 1138 689 quum
1173 634 1398 686 „brumalis
1429 633 1552 675 adeat
1583 633 1769 687 flexus'',

152 719 294 755 tamen
339 712 446 753 vidit
492 712 621 753 solem
654 711 859 752 orientem
890 715 932 752 et
964 711 1223 752 occidentem
1254 711 1454 752 maiorem
1486 711 1605 752 nobis
1636 710 1770 751 videri

150 805 275 848 quam
306 790 537 832 meridiano
559 794 748 845 tempore
772 789 1115 844 (explicationem
1135 789 1325 829 invenies
1348 789 1532 830 Macrob.
1557 789 1643 830 Sat.
1667 787 1768 829 VII.

153 872 232 923 14,
284 871 363 921 15).
424 871 511 910 Hoc
552 867 622 923 qui
654 867 744 907 fieri
776 866 930 922 possit,
978 880 1060 907 non
1093 867 1304 922 explicat:
1348 867 1448 908 dicit
1480 866 1769 908 tantummodo

146 948 277 989 solem
318 947 438 988 nobis
471 950 635 987 tantum
667 958 757 985 esse
790 949 970 1000 quantus
1001 943 1222 997 videatur,
1268 944 1379 985 unde
1412 945 1626 1000 sequitur,
1673 958 1768 985 eum

144 1025 351 1067 matutino
384 1029 578 1079 tempore
610 1023 814 1064 maiorem
846 1036 935 1063 esse
969 1036 1094 1077 quam
1124 1022 1300 1063 meridie
1333 1026 1375 1063 et
1397 1037 1421 1063 a
1441 1022 1616 1063 meridie
1638 1036 1768 1078 usque

145 1102 198 1144 ad
243 1115 463 1157 vesperam
507 1115 651 1141 rursus
697 1113 897 1142 crescere.
958 1099 1053 1140 Hoc
1099 1099 1222 1140 modo
1270 1100 1356 1141 solo
1405 1100 1532 1141 etiam
1564 1100 1768 1156 explicari

145 1185 310 1236 potest,
357 1181 429 1236 qui
471 1178 555 1222 κατ’
587 1179 687 1220 αὐτὸ
722 1178 856 1218 minor
888 1191 978 1219 esse
1019 1177 1150 1233 possit
1192 1178 1252 1218 sol
1284 1192 1409 1234 quam
1441 1178 1657 1220 videatur:
1705 1179 1767 1220 sol

147 1260 261 1315 ipse,
310 1262 357 1299 ut
404 1261 606 1313 apparet,
655 1256 868 1311 aliquanto
908 1256 1045 1296 minor
1091 1270 1239 1297 revera
1285 1269 1375 1297 esse
1419 1260 1585 1312 potest,
1643 1271 1768 1312 quam

141 1337 262 1378 nobis
316 1335 486 1377 videtur
549 1334 610 1375 sol
667 1333 860 1374 occidens
916 1338 988 1374 aut
1034 1334 1184 1374 oriens.
1245 1334 1366 1375 Haec
1414 1334 1603 1375 doctrina
1647 1334 1767 1376 nobis

140 1415 315 1456 fortasse
348 1412 529 1455 absurda
559 1411 726 1452 videtur
752 1443 762 1464 ,
802 1411 874 1452 sed
906 1416 1047 1453 tamen
1078 1412 1137 1453 ita
1167 1411 1375 1467 Epicurus
1407 1412 1595 1454 docuisse
1628 1412 1766 1454 debet.

141 1493 375 1534 Praeterea
420 1490 614 1532 novimus
661 1489 891 1545 Epicurum
939 1494 980 1530 et
1027 1490 1272 1531 Lucretium
1319 1490 1523 1531 eiusmodi
1569 1490 1768 1532 absurdas

144 1570 355 1611 doctrinas
384 1568 587 1624 probare,
621 1566 674 1608 ad
695 1580 893 1608 sensuum
916 1567 1209 1608 auctoritatem
1232 1573 1520 1622 provocantes.
1554 1567 1679 1609 Lucr.
1702 1567 1767 1609 IV

143 1649 254 1690 497:
306 1661 408 1701 „nec
439 1660 562 1702 porro
594 1649 793 1701 poterunt
825 1647 998 1700 (sensus)
1030 1645 1110 1701 ipsi
1141 1645 1451 1701 reprehendere
1484 1660 1602 1700 sese,
1634 1659 1768 1702 aequa

141 1726 246 1767 fides
288 1725 486 1782 quoniam
530 1724 701 1765 debebit
732 1737 896 1779 semper
926 1723 1102 1778 haberi,
1148 1724 1322 1780 proinde
1353 1724 1464 1779 quod
1497 1725 1539 1765 in
1569 1728 1768 1779 quoquest

142 1804 207 1845 his
253 1805 387 1845 visum
435 1807 641 1857 tempore,
688 1806 881 1843 verumst.
927 1806 968 1843 et
1011 1802 1045 1843 si
1091 1816 1175 1843 non
1215 1802 1370 1858 poterit
1401 1803 1506 1844 ratio
1540 1802 1766 1843 dissolvere

142 1896 312 1924 eausam
349 1914 358 1922 .
383 1914 392 1922 .
417 1913 459 1922 ..
498 1885 640 1922 tamen
686 1884 872 1936 praestat
918 1880 1091 1921 rationis
1133 1886 1329 1935 egentem
1360 1880 1536 1922 reddere
1566 1880 1766 1922 mendose

145 1974 291 2003 causas
339 1991 347 2000 .
373 1991 381 2000 .
407 1991 415 2000 .
439 1990 448 1998 .
498 1972 624 2015 quam
665 1958 858 1999 manibus
889 1958 1113 2000 manifesta
1144 1959 1228 1999 suis
1261 1959 1453 2000 emittere
1487 1973 1693 2015 quoquam
1725 1963 1767 2000 et

144 2039 302 2080 violare
333 2037 458 2078 fidem
490 2037 668 2093 primam
700 2044 742 2078 et
773 2037 1011 2078 convellere
1044 2041 1132 2078 tota
1161 2036 1435 2078 fundamenta
1466 2038 1616 2093 quibus
1647 2038 1766 2079 nixa-

145 2121 212 2159 tur
258 2117 347 2158 vita
393 2115 629 2171 salusque.”
678 2140 731 2144 -—
774 2115 880 2156 Cum
922 2120 1064 2156 autem
1097 2115 1157 2156 sol
1188 2120 1273 2156 tam
1307 2130 1460 2171 parvus
1492 2116 1572 2170 sit,
1604 2116 1767 2172 quaeri-

142 2199 238 2248 tur,
304 2208 411 2250 „qua
455 2194 618 2235 ratione
662 2193 851 2234 tantulus
895 2194 966 2234 ille
1008 2199 1134 2249 queat
1179 2199 1343 2235 tantum
1386 2195 1445 2235 sol
1492 2195 1658 2236 mittere
1704 2195 1765 2236 lu-

143 2271 267 2313 men”
299 2274 334 2325 ¹).
396 2271 551 2312 Procul
593 2271 719 2312 dubio
765 2270 869 2312 haec
916 2271 1138 2312 difficultas
1174 2271 1347 2327 Epicuri
1380 2273 1653 2327 sagacitatem
1682 2287 1766 2314 non

144 2349 318 2404 effugit:
367 2349 411 2389 in
454 2348 632 2404 epistola
676 2352 818 2389 tamen
860 2348 913 2389 ad
958 2348 1208 2404 Pythoclem
1250 2349 1374 2390 huius
1414 2350 1475 2391 rei
1507 2351 1764 2392 mentionem

144 2442 228 2469 non
267 2427 368 2469 fecit
409 2427 629 2468 brevitatis
660 2441 811 2468 causa:
857 2432 1000 2468 monet
1032 2431 1195 2468 tantum
1228 2427 1431 2468 eiusmodi
1463 2428 1765 2484 impedimenta

143 2505 265 2548 facile
298 2519 418 2561 posse
450 2505 590 2558 vinci,
623 2505 656 2545 si
686 2505 809 2546 modo
842 2504 1097 2546 attendimus
1128 2504 1180 2546 ad
1210 2519 1276 2547 res
1308 2511 1469 2547 certas:
1511 2510 1574 2549 καὶ
1606 2510 1690 2549 πᾶν
1723 2505 1763 2549 δὲ

143 2587 191 2627 τὸ
238 2587 295 2634 εἷς
332 2589 455 2626 τοῦτο
487 2584 534 2625 τὸ
564 2586 689 2638 μέρος
720 2583 897 2636 ἔνστημα
926 2582 1084 2639 ῥᾳδίως
1117 2582 1434 2638 διαλυθήσεται,
1481 2586 1551 2627 ἐάν
1582 2604 1643 2637 τις
1674 2591 1764 2634 τοῖς

143 2664 398 2718 ἐναργήμασι
443 2663 653 2717 προςέχῃ,
703 2664 802 2716 ὅπερ
849 2663 890 2703 ἐν
935 2668 1024 2712 τοῖς
1065 2665 1154 2716 περὶ
1188 2664 1350 2716 φύσεως
1381 2661 1579 2718 βιβλίοις
1611 2660 1763 2705 δείκνυ·-

141 2758 215 2793 μεν
235 2737 280 2792 ²).
341 2738 409 2779 Ex
440 2737 504 2779 his
534 2738 664 2792 igitur
694 2738 811 2780 libris
842 2738 893 2779 de
914 2742 1064 2780 natura
1084 2739 1308 2780 Lucretius
1329 2739 1496 2781 haurire
1518 2740 1655 2796 potuit
1677 2744 1762 2781 tres

185 2922 210 2963 ¹)
255 2921 310 2954 Vs.
335 2924 396 2954 590
420 2932 508 2964 seqq.

183 2984 209 3026 ²)
255 2985 298 3015 D.
323 2985 361 3016 L.
387 2985 428 3016 X.
455 2986 505 3016 91.
