1894 3235
875 135 926 174 77

89 284 137 311 ra
174 269 421 324 animaeque
468 271 677 323 potestas,
723 268 782 307 nil
825 271 967 308 tamen
999 272 1061 308 est
1092 267 1144 309 ad
1174 282 1276 320 nos,
1309 268 1381 323 qui
1413 272 1580 322 comptu
1611 283 1706 310 con-

89 348 284 403 iugioque
316 346 497 401 corporis
519 350 645 401 atque
667 345 830 385 animae
851 345 1116 386 consistimus
1137 346 1275 386 uniter
1296 346 1409 400 apti'’
1435 347 1471 399 ¹).
1504 347 1544 386 N
1548 361 1592 387 os
1613 351 1706 402 post

89 430 266 466 mortem
287 439 369 465 non
395 423 574 478 amplius
601 423 754 463 erimus
774 456 782 475 ‚
811 423 884 463 sed
906 437 1055 478 corpus
1077 428 1264 463 nostrum
1285 423 1458 464 fortasse
1481 424 1716 479 aliquando,

89 516 230 543 rursus
261 502 415 542 existet
445 514 540 541 cum
573 499 719 540 eodem
751 499 888 540 animo
921 501 1200 540 coniunctum.
1262 500 1367 541 Cum
1399 501 1511 541 enim
1542 502 1706 542 animus

91 584 132 620 et
163 593 311 634 corpus
342 583 531 619 constent
563 591 585 618 0
617 578 906 632 complexione
954 578 1181 619 secundum
1213 582 1373 619 certum
1405 579 1592 619 ordinem
1624 579 1705 620 col-

90 656 316 697 locatarum
335 661 588 707 atomorum,
614 655 758 709 negari
780 670 864 695 non
885 660 1045 710 potest,
1079 670 1173 696 cum
1195 669 1269 710 per
1290 656 1483 696 immensi
1505 657 1704 711 temporis

90 733 305 788 praeteriti
318 733 510 788 spatium,
524 737 613 773 tum
626 747 700 788 per
712 733 916 774 immensa
930 733 1095 774 saecula
1106 733 1258 786 futura,
1271 733 1419 774 iisdem
1432 734 1566 774 causis
1579 748 1704 788 agen-

90 810 202 851 tibus
219 843 228 863 ,
262 810 437 851 eandem
463 810 686 866 aliquando
704 810 840 850 redire
859 811 1228 864 congregationem
1250 815 1482 852 atomorum
1501 822 1542 852 et
1563 826 1704 867 corpo-

90 889 146 928 ris
178 892 220 929 et
251 888 379 929 animi
410 889 481 941 ita,
515 893 560 928 ut
592 888 703 929 idem
725 888 848 929 homo
868 903 1010 929 rursus
1033 889 1199 929 existat.
1232 889 1434 930 Attamen
1453 903 1704 945 quamquam

90 965 201 1006 idem
233 970 296 1006 est
325 965 463 1019 homo,
497 965 609 1021 quod
640 965 693 1006 ad
725 966 906 1021 corporis
939 972 980 1006 et
1011 966 1138 1006 animi
1168 966 1344 1006 formam
1367 970 1408 1006 et
1430 966 1559 1007 vitam
1576 967 1704 1021 perti-

91 1048 189 1096 net,
235 1048 376 1084 tamen
421 1043 527 1083 nihil
558 1043 637 1084 hoc
674 1043 726 1084 ad
756 1057 853 1097 nos3
885 1043 1130 1084 memoriam
1163 1044 1389 1098 superioris
1422 1044 1533 1085 vitae
1565 1045 1703 1085 amisi-

90 1135 210 1174 mUS,
256 1135 340 1162 non
390 1121 587 1173 „memori
633 1121 675 1161 id
707 1121 871 1176 quimus
916 1120 1225 1176 reprehendere
1256 1126 1425 1161 mente:
1459 1121 1568 1162 inter
1591 1122 1702 1162 enim

90 1199 239 1240 iectast
284 1200 385 1240 vitai
431 1214 589 1254 pausa,
636 1213 827 1254 vageque
860 1199 1103 1239 deerrarunt
1134 1199 1288 1254 passim
1319 1203 1456 1239 motus
1487 1199 1538 1240 ab
1576 1200 1704 1240 sensi-

90 1277 169 1318 bus
209 1276 425 1330 omnes''²).
486 1277 598 1331 Ergo
644 1291 738 1317 cum
769 1282 971 1331 perpetuo
1004 1277 1275 1331 abrumpatur
1305 1277 1418 1330 vita,
1462 1278 1704 1329 „mortalem

91 1355 221 1396 vitam
252 1369 361 1395 mors
393 1369 486 1395 cum
517 1355 763 1395 immortalis
794 1351 1050 1407 adi1nat”³)‚
1082 1368 1165 1394 non
1202 1368 1421 1409 possumus
1453 1369 1559 1410 quae
1581 1360 1704 1397 antea

91 1432 202 1473 mala
231 1446 353 1487 passa
375 1438 438 1472 est
460 1432 605 1472 eadem
628 1436 861 1473 atomorum
883 1431 1103 1486 conplexio
1122 1463 1131 1483 ,
1163 1445 1244 1486 qua
1266 1445 1375 1471 nunc
1397 1445 1471 1472 nos
1491 1432 1705 1486 vigemus,

91 1515 232 1551 mente
265 1515 511 1551 connectere
544 1524 638 1550 cum
668 1510 901 1565 praesentis
922 1510 1120 1564 temporis
1143 1514 1274 1550 statu:
1308 1523 1407 1564 ergo
1427 1510 1487 1550 nil
1508 1510 1551 1550 in
1572 1515 1705 1551 morte

92 1587 211 1628 nobis
245 1591 307 1628 est
337 1587 582 1628 timendum.

148 1665 306 1719 Negari
333 1680 416 1706 non
437 1670 574 1720 potest
595 1665 638 1705 in
659 1664 724 1705 his
746 1665 937 1705 omnibus
959 1665 1203 1705 Lucretium
1225 1665 1302 1705 sibi
1324 1669 1511 1706 constare
1534 1665 1703 1721 optime.

93 1743 176 1784 Sed
205 1743 331 1784 etiam
363 1757 417 1784 ex
448 1743 620 1798 Epicuri
654 1743 817 1798 scriptis
849 1757 945 1783 011111
975 1742 1162 1784 hausisse
1195 1757 1289 1783 011111
1319 1743 1529 1784 nonnullis
1551 1743 1705 1784 indica-

92 1824 161 1861 tur
199 1820 485 1874 documentis,
517 1824 606 1861 tum
630 1835 697 1873 eo,
731 1820 840 1875 quod
860 1819 963 1861 haec
986 1820 1125 1860 omnia
1141 1820 1373 1860 necessario
1396 1825 1704 1876 consequuntur

93 1912 148 1939 ex
177 1898 250 1951 iis,
284 1912 389 1953 quae
419 1912 544 1953 supra
564 1898 826 1939 laudavimus
857 1897 1030 1952 Epicuri
1061 1898 1212 1938 verbis.
1246 1898 1352 1938 Cum
1369 1897 1447 1938 hoc
1470 1898 1579 1953 quod
1601 1898 1704 1940 dicit

92 1976 198 2016 nihil
224 1976 276 2017 ad
306 1990 381 2016 nos
412 1976 622 2031 pertinere
654 1976 764 2031 quod
795 1980 891 2016 ante
921 1980 1058 2016 ortum
1088 1980 1276 2016 nostrum
1306 1976 1462 2016 factum
1494 1977 1547 2017 sit
1569 1990 1705 2033 neque

93 2053 203 2109 quod
231 2058 324 2109 post
353 2058 531 2094 mortem
560 2059 864 2094 usuventurum
895 2053 974 2105 sit,
1007 2053 1117 2108 quod
1147 2053 1299 2108 repetit
1330 2067 1389 2094 vs.
1416 2055 1496 2094 972
1523 2054 1706 2109 „respice

92 2130 194 2171 item
239 2145 363 2186 quam
394 2131 453 2171 nil
483 2131 536 2171 ad
564 2145 639 2171 nos
670 2135 767 2172 ante
799 2136 891 2171 acta
920 2135 1107 2171 vetustas
1137 2131 1335 2186 temporis
1367 2132 1527 2172 aeterni
1558 2132 1705 2186 fuerit,

93 2222 217 2263 quam
247 2208 458 2249 nascimur
488 2213 585 2249 ante
604 2241 612 2249 .
637 2207 715 2249 hoc
745 2209 875 2262 igitur
907 2208 1121 2263 speculum
1142 2208 1262 2248 nobis
1278 2214 1428 2249 natura
1445 2208 1575 2249 futuri
1603 2214 1706 2250 tem-

92 2285 206 2340 poris
237 2286 410 2341 exponit
441 2290 535 2340 post
551 2290 728 2327 mortem
751 2286 929 2341 denique
947 2285 1173 2337 nostram”,
1206 2286 1431 2340 praecipue
1455 2286 1709 2328 conferenda

93 2366 190 2402 sunt
220 2361 323 2403 haec
356 2362 567 2403 Crantoris
597 2363 752 2403 veteris
783 2362 1020 2403 academiae
1051 2361 1289 2417 philosophi
1306 2362 1445 2415 verba,
1469 2376 1574 2418 quae
1597 2363 1709 2418 apud

92 2439 206 2480 Plut.
251 2440 295 2480 in
341 2439 524 2481 Consol.
558 2440 611 2481 ad
654 2440 850 2495 Apollon.
894 2454 983 2495 cap.
1020 2442 1068 2481 15
1100 2439 1313 2494 legimus:
1361 2443 1441 2491 „etc
1473 2442 1548 2490 τὴν
1580 2442 1708 2490 αὐτὴν

94 2516 170 2558 οὗν
215 2515 332 2564 τάξιν
378 2519 416 2559 οἱ
460 2516 776 2566 τελευτήσαντες
827 2520 1092 2559 καθίστανται
1142 2520 1191 2572 τῇ
1235 2517 1317 2571 πρὸ
1361 2523 1434 2565 τῆς
1479 2519 1707 2571 γενέσεως.

94 2595 229 2650 ὥσπερ
262 2594 338 2636 οὗν
369 2593 490 2637 οὐδὲν
521 2597 618 2647 ἡμῖν
649 2598 699 2644 ἦν
729 2596 811 2650 πρὸ
842 2601 914 2643 τῆς
946 2596 1141 2650 γενέσεως
1167 2593 1420 2649 οὔτ’ἇγαὲὸν
1441 2593 1532 2636 οὔτε
1554 2597 1705 2646 κακόν,

95 2672 229 2721 οὕτως
261 2670 354 2714 οὐδὲ
384 2674 481 2726 μετὰ
513 2674 589 2722 τὴν
618 2672 830 2721 τελευτήν,
864 2675 926 2714 καὶ
959 2672 1140 2727 καθάπερ
1172 2672 1220 2713 τὰ
1252 2672 1334 2726 πρὸ
1367 2672 1482 2725 ἡμῶν
1513 2670 1634 2714 οὐδὲν
1656 2674 1707 2722 ἧν

141 2882 162 2923 ·)
209 2882 264 2914 Vs.
289 2884 446 2913 843—46.

137 2944 164 2986 2)
209 2944 266 2977 Vs.
291 2946 352 2976 858
375 2955 462 2986 seqq.

138 3005 162 3043 8)
206 3006 262 3038 Vs.
288 3007 360 3037 869.
