<?xml version="1.0" encoding="UTF-8"?>
<!DOCTYPE html PUBLIC "-//W3C//DTD XHTML 1.0 Transitional//EN"
    "http://www.w3.org/TR/xhtml1/DTD/xhtml1-transitional.dtd">
<html xmlns="http://www.w3.org/1999/xhtml" xml:lang="en" lang="en">
 <head>
  <title>
</title>
<meta http-equiv="Content-Type" content="text/html;charset=utf-8" />
  <meta name='ocr-system' content='tesseract 3.04.00' />
  <meta name='ocr-capabilities' content='ocr_page ocr_carea ocr_par ocr_line ocrx_word'/>
</head>
<body>
  <div class='ocr_page' id='page_1' title='image "./lucretiiphilosop00woltuoft_0037.png"; bbox 0 0 1894 3235; ppageno 0'>
   <div class='ocr_carea' id='block_1_1' title="bbox 907 136 959 175">
    <p class='ocr_par' dir='ltr' id='par_1_1' title="bbox 907 136 959 175">
     <span class='ocr_line' id='line_1_1' title="bbox 907 136 959 175; baseline 0 0"><span class='ocrx_word' id='word_1_1' title='bbox 907 136 959 175; x_wconf 79' lang='lat'>23</span> 
     </span>
    </p>
   </div>
   <div class='ocr_carea' id='block_1_2' title="bbox 129 266 1749 2638">
    <p class='ocr_par' dir='ltr' id='par_1_2' title="bbox 129 266 1740 943">
     <span class='ocr_line' id='line_1_2' title="bbox 129 266 1736 324; baseline -0.004 -14"><span class='ocrx_word' id='word_1_2' title='bbox 129 273 171 310; x_wconf 89' lang='lat' dir='ltr'>et</span> <span class='ocrx_word' id='word_1_3' title='bbox 202 283 344 310; x_wconf 86' lang='lat' dir='ltr'>earum</span> <span class='ocrx_word' id='word_1_4' title='bbox 374 273 524 310; x_wconf 89' lang='lat' dir='ltr'>natura</span> <span class='ocrx_word' id='word_1_5' title='bbox 554 269 778 324; x_wconf 77' lang='lat' dir='ltr'>exponitur</span> <span class='ocrx_word' id='word_1_6' title='bbox 809 270 1077 322; x_wconf 74' lang='lat'>(503—510).</span> <span class='ocrx_word' id='word_1_7' title='bbox 1139 267 1300 322; x_wconf 86' lang='lat' dir='ltr'>Corpus</span> <span class='ocrx_word' id='word_1_8' title='bbox 1334 270 1376 307; x_wconf 89' lang='lat' dir='ltr'>et</span> <span class='ocrx_word' id='word_1_9' title='bbox 1407 266 1530 306; x_wconf 88' lang='lat' dir='ltr'>inane</span> <span class='ocrx_word' id='word_1_10' title='bbox 1559 266 1736 306; x_wconf 90' lang='lat' dir='ltr'>alterum</span> 
     </span>
     <span class='ocr_line' id='line_1_3' title="bbox 129 346 1737 401; baseline -0.003 -14"><span class='ocrx_word' id='word_1_11' title='bbox 129 347 306 388; x_wconf 87' lang='lat' dir='ltr'>alterum</span> <span class='ocrx_word' id='word_1_12' title='bbox 338 347 593 387; x_wconf 86' lang='lat' dir='ltr'>excludunt:</span> <span class='ocrx_word' id='word_1_13' title='bbox 626 347 697 387; x_wconf 90' lang='lat' dir='ltr'>ubi</span> <span class='ocrx_word' id='word_1_14' title='bbox 721 361 869 401; x_wconf 88' lang='lat' dir='ltr'>corpus</span> <span class='ocrx_word' id='word_1_15' title='bbox 893 351 968 399; x_wconf 84' lang='lat' dir='ltr'>est,</span> <span class='ocrx_word' id='word_1_16' title='bbox 997 346 1120 387; x_wconf 87' lang='lat' dir='ltr'>inane</span> <span class='ocrx_word' id='word_1_17' title='bbox 1143 359 1232 386; x_wconf 89' lang='lat' dir='ltr'>esse</span> <span class='ocrx_word' id='word_1_18' title='bbox 1255 359 1337 385; x_wconf 91' lang='lat' dir='ltr'>non</span> <span class='ocrx_word' id='word_1_19' title='bbox 1358 348 1496 399; x_wconf 89' lang='lat' dir='ltr'>potest</span> <span class='ocrx_word' id='word_1_20' title='bbox 1519 347 1559 383; x_wconf 88' lang='lat' dir='ltr'>et</span> <span class='ocrx_word' id='word_1_21' title='bbox 1583 347 1737 383; x_wconf 80' lang='lat' dir='ltr'>contra.</span> 
     </span>
     <span class='ocr_line' id='line_1_4' title="bbox 129 422 1739 479; baseline -0.003 -15"><span class='ocrx_word' id='word_1_22' title='bbox 129 424 254 464; x_wconf 84' lang='lat' dir='ltr'>Unde</span> <span class='ocrx_word' id='word_1_23' title='bbox 286 424 472 479; x_wconf 87' lang='lat' dir='ltr'>sequitur</span> <span class='ocrx_word' id='word_1_24' title='bbox 503 423 727 478; x_wconf 89' lang='lat' dir='ltr'>particulas</span> <span class='ocrx_word' id='word_1_25' title='bbox 760 437 849 464; x_wconf 87' lang='lat' dir='ltr'>esse</span> <span class='ocrx_word' id='word_1_26' title='bbox 879 424 923 463; x_wconf 89' lang='lat' dir='ltr'>in</span> <span class='ocrx_word' id='word_1_27' title='bbox 954 423 1077 464; x_wconf 84' lang='lat' dir='ltr'>rebus</span> <span class='ocrx_word' id='word_1_28' title='bbox 1108 422 1288 477; x_wconf 88' lang='lat' dir='ltr'>genitis,</span> <span class='ocrx_word' id='word_1_29' title='bbox 1328 434 1433 476; x_wconf 87' lang='lat' dir='ltr'>quae</span> <span class='ocrx_word' id='word_1_30' title='bbox 1464 434 1596 460; x_wconf 81' lang='lat' dir='ltr'>vacuo</span> <span class='ocrx_word' id='word_1_31' title='bbox 1628 433 1739 460; x_wconf 88' lang='lat' dir='ltr'>care-</span> 
     </span>
     <span class='ocr_line' id='line_1_5' title="bbox 130 496 1738 555; baseline -0.004 -13"><span class='ocrx_word' id='word_1_32' title='bbox 130 505 228 554; x_wconf 89' lang='lat' dir='ltr'>ant,</span> <span class='ocrx_word' id='word_1_33' title='bbox 276 501 405 555; x_wconf 86' lang='lat' dir='ltr'>igitur</span> <span class='ocrx_word' id='word_1_34' title='bbox 451 501 582 542; x_wconf 87' lang='lat' dir='ltr'>solida</span> <span class='ocrx_word' id='word_1_35' title='bbox 628 501 710 542; x_wconf 87' lang='lat' dir='ltr'>sint</span> <span class='ocrx_word' id='word_1_36' title='bbox 759 502 998 553; x_wconf 83' lang='lat'>(511—19).</span> <span class='ocrx_word' id='word_1_37' title='bbox 1058 500 1143 541; x_wconf 89' lang='lat' dir='ltr'>Ubi</span> <span class='ocrx_word' id='word_1_38' title='bbox 1188 513 1367 540; x_wconf 84' lang='lat' dir='ltr'>vacuum</span> <span class='ocrx_word' id='word_1_39' title='bbox 1414 501 1477 538; x_wconf 91' lang='lat' dir='ltr'>est</span> <span class='ocrx_word' id='word_1_40' title='bbox 1527 497 1571 537; x_wconf 90' lang='lat' dir='ltr'>in</span> <span class='ocrx_word' id='word_1_41' title='bbox 1615 496 1738 537; x_wconf 88' lang='lat' dir='ltr'>rebus</span> 
     </span>
     <span class='ocr_line' id='line_1_6' title="bbox 130 575 1739 634; baseline -0.003 -15"><span class='ocrx_word' id='word_1_42' title='bbox 130 579 296 633; x_wconf 87' lang='lat' dir='ltr'>genitis,</span> <span class='ocrx_word' id='word_1_43' title='bbox 330 579 528 619; x_wconf 85' lang='lat' dir='ltr'>materies</span> <span class='ocrx_word' id='word_1_44' title='bbox 561 578 685 619; x_wconf 86' lang='lat' dir='ltr'>debet</span> <span class='ocrx_word' id='word_1_45' title='bbox 718 592 821 631; x_wconf 87' lang='lat' dir='ltr'>esse,</span> <span class='ocrx_word' id='word_1_46' title='bbox 855 592 959 634; x_wconf 88' lang='lat' dir='ltr'>quae</span> <span class='ocrx_word' id='word_1_47' title='bbox 992 578 1033 618; x_wconf 92' lang='lat' dir='ltr'>id</span> <span class='ocrx_word' id='word_1_48' title='bbox 1055 576 1370 618; x_wconf 76' lang='lat' dir='ltr'>circumcludit:</span> <span class='ocrx_word' id='word_1_49' title='bbox 1404 575 1625 616; x_wconf 90' lang='lat' dir='ltr'>concilium</span> <span class='ocrx_word' id='word_1_50' title='bbox 1654 588 1739 614; x_wconf 90' lang='lat' dir='ltr'>ma-</span> 
     </span>
     <span class='ocr_line' id='line_1_7' title="bbox 129 651 1739 711; baseline -0.003 -15"><span class='ocrx_word' id='word_1_51' title='bbox 129 656 261 697; x_wconf 83' lang='lat' dir='ltr'>teriae</span> <span class='ocrx_word' id='word_1_52' title='bbox 307 656 537 696; x_wconf 81' lang='lat' dir='ltr'>circumda-t</span> <span class='ocrx_word' id='word_1_53' title='bbox 583 670 762 696; x_wconf 86' lang='lat' dir='ltr'>vacuum</span> <span class='ocrx_word' id='word_1_54' title='bbox 794 656 918 711; x_wconf 91' lang='lat' dir='ltr'>idque</span> <span class='ocrx_word' id='word_1_55' title='bbox 952 655 1144 696; x_wconf 80' lang='lat' dir='ltr'>cohibet:</span> <span class='ocrx_word' id='word_1_56' title='bbox 1193 658 1352 695; x_wconf 87' lang='lat' dir='ltr'>constat</span> <span class='ocrx_word' id='word_1_57' title='bbox 1383 653 1513 707; x_wconf 86' lang='lat' dir='ltr'>igitur</span> <span class='ocrx_word' id='word_1_58' title='bbox 1542 651 1739 693; x_wconf 88' lang='lat' dir='ltr'>materies</span> 
     </span>
     <span class='ocr_line' id='line_1_8' title="bbox 130 731 1739 788; baseline -0.003 -14"><span class='ocrx_word' id='word_1_59' title='bbox 130 733 259 774; x_wconf 91' lang='lat' dir='ltr'>solido</span> <span class='ocrx_word' id='word_1_60' title='bbox 293 747 494 788; x_wconf 85' lang='lat' dir='ltr'>corpore,</span> <span class='ocrx_word' id='word_1_61' title='bbox 542 734 753 774; x_wconf 72' lang='lat'>520—27.</span> <span class='ocrx_word' id='word_1_62' title='bbox 816 733 965 787; x_wconf 76' lang='lat' dir='ltr'>Neque</span> <span class='ocrx_word' id='word_1_63' title='bbox 998 745 1118 772; x_wconf 90' lang='lat' dir='ltr'>omne</span> <span class='ocrx_word' id='word_1_64' title='bbox 1151 736 1213 772; x_wconf 89' lang='lat' dir='ltr'>est</span> <span class='ocrx_word' id='word_1_65' title='bbox 1244 731 1421 771; x_wconf 88' lang='lat' dir='ltr'>solidum</span> <span class='ocrx_word' id='word_1_66' title='bbox 1452 743 1587 785; x_wconf 89' lang='lat' dir='ltr'>neque</span> <span class='ocrx_word' id='word_1_67' title='bbox 1619 742 1739 769; x_wconf 92' lang='lat' dir='ltr'>omne</span> 
     </span>
     <span class='ocr_line' id='line_1_9' title="bbox 129 808 1740 864; baseline -0.003 -13"><span class='ocrx_word' id='word_1_68' title='bbox 129 825 329 863; x_wconf 83' lang='lat' dir='ltr'>vacuum,</span> <span class='ocrx_word' id='word_1_69' title='bbox 361 811 404 850; x_wconf 90' lang='lat' dir='ltr'>in</span> <span class='ocrx_word' id='word_1_70' title='bbox 435 810 559 851; x_wconf 86' lang='lat' dir='ltr'>rebus</span> <span class='ocrx_word' id='word_1_71' title='bbox 580 810 733 864; x_wconf 85' lang='lat' dir='ltr'>genitis</span> <span class='ocrx_word' id='word_1_72' title='bbox 755 810 964 850; x_wconf 88' lang='lat' dir='ltr'>alternant</span> <span class='ocrx_word' id='word_1_73' title='bbox 985 810 1093 849; x_wconf 86' lang='lat' dir='ltr'>inter</span> <span class='ocrx_word' id='word_1_74' title='bbox 1125 823 1168 849; x_wconf 88' lang='lat' dir='ltr'>se</span> <span class='ocrx_word' id='word_1_75' title='bbox 1197 808 1246 862; x_wconf 85' lang='grc'>1);</span> <span class='ocrx_word' id='word_1_76' title='bbox 1284 812 1404 860; x_wconf 88' lang='lat' dir='ltr'>„sunt</span> <span class='ocrx_word' id='word_1_77' title='bbox 1436 821 1535 861; x_wconf 85' lang='lat' dir='ltr'>ergo</span> <span class='ocrx_word' id='word_1_78' title='bbox 1568 820 1740 861; x_wconf 88' lang='lat' dir='ltr'>corpora</span> 
     </span>
     <span class='ocr_line' id='line_1_10' title="bbox 129 885 1453 943; baseline -0.003 -14"><span class='ocrx_word' id='word_1_79' title='bbox 129 892 269 941; x_wconf 84' lang='lat' dir='ltr'>certa,</span> <span class='ocrx_word' id='word_1_80' title='bbox 302 902 407 943; x_wconf 86' lang='lat' dir='ltr'>quae</span> <span class='ocrx_word' id='word_1_81' title='bbox 439 889 619 943; x_wconf 88' lang='lat' dir='ltr'>spatium</span> <span class='ocrx_word' id='word_1_82' title='bbox 650 888 774 943; x_wconf 88' lang='lat' dir='ltr'>pleno</span> <span class='ocrx_word' id='word_1_83' title='bbox 807 888 966 942; x_wconf 82' lang='lat' dir='ltr'>possint</span> <span class='ocrx_word' id='word_1_84' title='bbox 999 887 1254 940; x_wconf 79' lang='lat' dir='ltr'>distinguere</span> <span class='ocrx_word' id='word_1_85' title='bbox 1286 885 1453 926; x_wconf 85' lang='lat' dir='ltr'>inane&#39;&#39;.</span> 
     </span>
    </p>

    <p class='ocr_par' dir='ltr' id='par_1_3' title="bbox 129 960 1746 1566">
     <span class='ocr_line' id='line_1_11' title="bbox 185 960 1738 1021; baseline -0.004 -14"><span class='ocrx_word' id='word_1_86' title='bbox 185 965 314 1021; x_wconf 91' lang='lat' dir='ltr'>Apud</span> <span class='ocrx_word' id='word_1_87' title='bbox 352 965 579 1020; x_wconf 83' lang='lat' dir='ltr'>Epicurum</span> <span class='ocrx_word' id='word_1_88' title='bbox 621 965 724 1006; x_wconf 88' lang='lat' dir='ltr'>haec</span> <span class='ocrx_word' id='word_1_89' title='bbox 756 968 1003 1018; x_wconf 83' lang='lat' dir='ltr'>argumenta</span> <span class='ocrx_word' id='word_1_90' title='bbox 1033 978 1117 1004; x_wconf 88' lang='lat' dir='ltr'>non</span> <span class='ocrx_word' id='word_1_91' title='bbox 1147 963 1418 1004; x_wconf 79' lang='lat' dir='ltr'>inveniuntur</span> <span class='ocrx_word' id='word_1_92' title='bbox 1449 975 1584 1017; x_wconf 88' lang='lat' dir='ltr'>neque</span> <span class='ocrx_word' id='word_1_93' title='bbox 1616 960 1738 1002; x_wconf 84' lang='lat' dir='ltr'>credo</span> 
     </span>
     <span class='ocr_line' id='line_1_12' title="bbox 130 1041 1741 1099; baseline -0.003 -15"><span class='ocrx_word' id='word_1_94' title='bbox 130 1057 226 1084; x_wconf 87' lang='lat' dir='ltr'>eum</span> <span class='ocrx_word' id='word_1_95' title='bbox 255 1058 439 1099; x_wconf 88' lang='lat' dir='ltr'>unquam</span> <span class='ocrx_word' id='word_1_96' title='bbox 472 1044 528 1084; x_wconf 90' lang='lat' dir='ltr'>sic</span> <span class='ocrx_word' id='word_1_97' title='bbox 558 1043 852 1084; x_wconf 78' lang='lat' dir='ltr'>ratiocinatum</span> <span class='ocrx_word' id='word_1_98' title='bbox 884 1056 987 1082; x_wconf 88' lang='lat' dir='ltr'>esse.</span> <span class='ocrx_word' id='word_1_99' title='bbox 1049 1042 1309 1096; x_wconf 87' lang='lat' dir='ltr'>Principium</span> <span class='ocrx_word' id='word_1_100' title='bbox 1342 1041 1479 1094; x_wconf 90' lang='lat' dir='ltr'>enim,</span> <span class='ocrx_word' id='word_1_101' title='bbox 1521 1054 1668 1094; x_wconf 89' lang='lat' dir='ltr'>corpus</span> <span class='ocrx_word' id='word_1_102' title='bbox 1699 1042 1741 1079; x_wconf 89' lang='lat' dir='ltr'>et</span> 
     </span>
     <span class='ocr_line' id='line_1_13' title="bbox 129 1118 1742 1175; baseline -0.003 -13"><span class='ocrx_word' id='word_1_103' title='bbox 129 1121 254 1162; x_wconf 87' lang='lat' dir='ltr'>inane</span> <span class='ocrx_word' id='word_1_104' title='bbox 299 1135 342 1162; x_wconf 90' lang='lat' dir='ltr'>se</span> <span class='ocrx_word' id='word_1_105' title='bbox 388 1121 572 1161; x_wconf 79' lang='lat' dir='ltr'>vicissim</span> <span class='ocrx_word' id='word_1_106' title='bbox 611 1120 836 1161; x_wconf 77' lang='lat' dir='ltr'>excludere</span> <span class='ocrx_word' id='word_1_107' title='bbox 869 1133 1003 1175; x_wconf 90' lang='lat' dir='ltr'>neque</span> <span class='ocrx_word' id='word_1_108' title='bbox 1035 1133 1182 1160; x_wconf 80' lang='lat' dir='ltr'>verum</span> <span class='ocrx_word' id='word_1_109' title='bbox 1214 1123 1277 1159; x_wconf 90' lang='lat' dir='ltr'>est</span> <span class='ocrx_word' id='word_1_110' title='bbox 1307 1132 1442 1174; x_wconf 89' lang='lat' dir='ltr'>neque</span> <span class='ocrx_word' id='word_1_111' title='bbox 1475 1118 1525 1158; x_wconf 87' lang='lat' dir='ltr'>ad</span> <span class='ocrx_word' id='word_1_112' title='bbox 1556 1122 1742 1158; x_wconf 88' lang='lat' dir='ltr'>mentem</span> 
     </span>
     <span class='ocr_line' id='line_1_14' title="bbox 129 1195 1740 1254; baseline -0.002 -15"><span class='ocrx_word' id='word_1_113' title='bbox 129 1198 368 1254; x_wconf 89' lang='lat' dir='ltr'>philosophi</span> <span class='ocrx_word' id='word_1_114' title='bbox 413 1198 592 1251; x_wconf 79' lang='lat' dir='ltr'>Graeci,</span> <span class='ocrx_word' id='word_1_115' title='bbox 638 1198 708 1253; x_wconf 88' lang='lat' dir='ltr'>qui</span> <span class='ocrx_word' id='word_1_116' title='bbox 755 1211 933 1238; x_wconf 85' lang='lat' dir='ltr'>vacuum</span> <span class='ocrx_word' id='word_1_117' title='bbox 975 1196 1119 1237; x_wconf 89' lang='lat' dir='ltr'>definit</span> <span class='ocrx_word' id='word_1_118' title='bbox 1137 1198 1193 1249; x_wconf 78' lang='lat'>2),</span> <span class='ocrx_word' id='word_1_119' title='bbox 1241 1200 1454 1251; x_wconf 78' lang='lat' dir='ltr'>tamquam</span> <span class='ocrx_word' id='word_1_120' title='bbox 1485 1195 1636 1248; x_wconf 92' lang='lat' dir='ltr'>locum,</span> <span class='ocrx_word' id='word_1_121' title='bbox 1667 1195 1740 1235; x_wconf 93' lang='lat' dir='ltr'>ubi</span> 
     </span>
     <span class='ocr_line' id='line_1_15' title="bbox 131 1273 1741 1331; baseline -0.003 -14"><span class='ocrx_word' id='word_1_122' title='bbox 131 1281 227 1317; x_wconf 90' lang='lat' dir='ltr'>sunt</span> <span class='ocrx_word' id='word_1_123' title='bbox 259 1290 431 1331; x_wconf 87' lang='lat' dir='ltr'>corpora</span> <span class='ocrx_word' id='word_1_124' title='bbox 463 1280 504 1316; x_wconf 87' lang='lat' dir='ltr'>et</span> <span class='ocrx_word' id='word_1_125' title='bbox 535 1289 610 1330; x_wconf 88' lang='lat' dir='ltr'>per</span> <span class='ocrx_word' id='word_1_126' title='bbox 638 1289 761 1331; x_wconf 89' lang='lat' dir='ltr'>quem</span> <span class='ocrx_word' id='word_1_127' title='bbox 781 1278 1030 1315; x_wconf 83' lang='lat' dir='ltr'>moventur:</span> <span class='ocrx_word' id='word_1_128' title='bbox 1069 1288 1149 1329; x_wconf 90' lang='lat' dir='ltr'>quo</span> <span class='ocrx_word' id='word_1_129' title='bbox 1174 1273 1269 1314; x_wconf 86' lang='lat' dir='ltr'>dato</span> <span class='ocrx_word' id='word_1_130' title='bbox 1292 1273 1491 1328; x_wconf 89' lang='lat' dir='ltr'>sequitur,</span> <span class='ocrx_word' id='word_1_131' title='bbox 1523 1273 1741 1313; x_wconf 83' lang='lat' dir='ltr'>materiam</span> 
     </span>
     <span class='ocr_line' id='line_1_16' title="bbox 132 1350 1742 1409; baseline -0.004 -13"><span class='ocrx_word' id='word_1_132' title='bbox 132 1358 174 1395; x_wconf 89' lang='lat' dir='ltr'>et</span> <span class='ocrx_word' id='word_1_133' title='bbox 205 1369 383 1396; x_wconf 88' lang='lat' dir='ltr'>vacuum</span> <span class='ocrx_word' id='word_1_134' title='bbox 413 1368 497 1395; x_wconf 89' lang='lat' dir='ltr'>non</span> <span class='ocrx_word' id='word_1_135' title='bbox 528 1353 867 1409; x_wconf 80' lang='lat' dir='ltr'>impenetrabilia</span> <span class='ocrx_word' id='word_1_136' title='bbox 899 1366 1001 1393; x_wconf 89' lang='lat' dir='ltr'>esse.</span> <span class='ocrx_word' id='word_1_137' title='bbox 1063 1353 1113 1392; x_wconf 87' lang='lat' dir='ltr'>In</span> <span class='ocrx_word' id='word_1_138' title='bbox 1143 1351 1305 1392; x_wconf 89' lang='lat' dir='ltr'>infinito</span> <span class='ocrx_word' id='word_1_139' title='bbox 1336 1365 1495 1404; x_wconf 87' lang='lat' dir='ltr'>vacuo,</span> <span class='ocrx_word' id='word_1_140' title='bbox 1528 1350 1637 1406; x_wconf 89' lang='lat' dir='ltr'>quod</span> <span class='ocrx_word' id='word_1_141' title='bbox 1667 1365 1742 1391; x_wconf 91' lang='lat' dir='ltr'>un-</span> 
     </span>
     <span class='ocr_line' id='line_1_17' title="bbox 132 1427 1746 1488; baseline -0.002 -15"><span class='ocrx_word' id='word_1_142' title='bbox 132 1432 256 1488; x_wconf 86' lang='lat' dir='ltr'>dique</span> <span class='ocrx_word' id='word_1_143' title='bbox 287 1432 339 1473; x_wconf 88' lang='lat' dir='ltr'>ab</span> <span class='ocrx_word' id='word_1_144' title='bbox 371 1432 483 1473; x_wconf 83' lang='lat' dir='ltr'>omni</span> <span class='ocrx_word' id='word_1_145' title='bbox 514 1435 632 1487; x_wconf 88' lang='lat' dir='ltr'>parte</span> <span class='ocrx_word' id='word_1_146' title='bbox 664 1431 887 1484; x_wconf 86' lang='lat' dir='ltr'>cohaeret,</span> <span class='ocrx_word' id='word_1_147' title='bbox 919 1430 1117 1471; x_wconf 85' lang='lat' dir='ltr'>materies</span> <span class='ocrx_word' id='word_1_148' title='bbox 1148 1433 1361 1482; x_wconf 82' lang='lat' dir='ltr'>versatur,</span> <span class='ocrx_word' id='word_1_149' title='bbox 1405 1442 1511 1485; x_wconf 86' lang='lat' dir='ltr'>quae</span> <span class='ocrx_word' id='word_1_150' title='bbox 1542 1442 1626 1469; x_wconf 90' lang='lat' dir='ltr'>non</span> <span class='ocrx_word' id='word_1_151' title='bbox 1656 1427 1746 1469; x_wconf 92' lang='lat' dir='ltr'>ubi-</span> 
     </span>
     <span class='ocr_line' id='line_1_18' title="bbox 132 1510 548 1566; baseline -0.002 -15"><span class='ocrx_word' id='word_1_152' title='bbox 132 1524 309 1566; x_wconf 90' lang='lat' dir='ltr'>cumque</span> <span class='ocrx_word' id='word_1_153' title='bbox 341 1510 548 1551; x_wconf 89' lang='lat' dir='ltr'>cohaeret.</span> 
     </span>
    </p>

    <p class='ocr_par' dir='ltr' id='par_1_4' title="bbox 132 1585 1749 2638">
     <span class='ocr_line' id='line_1_19' title="bbox 190 1585 1747 1643; baseline -0.003 -14"><span class='ocrx_word' id='word_1_154' title='bbox 190 1588 251 1629; x_wconf 79' lang='lat' dir='ltr'>Ut</span> <span class='ocrx_word' id='word_1_155' title='bbox 292 1602 416 1643; x_wconf 86' lang='lat' dir='ltr'>supra</span> <span class='ocrx_word' id='word_1_156' title='bbox 446 1587 529 1628; x_wconf 90' lang='lat' dir='ltr'>iam</span> <span class='ocrx_word' id='word_1_157' title='bbox 561 1586 860 1638; x_wconf 80' lang='lat' dir='ltr'>indicavimus,</span> <span class='ocrx_word' id='word_1_158' title='bbox 901 1586 990 1641; x_wconf 87' lang='lat' dir='ltr'>ipse</span> <span class='ocrx_word' id='word_1_159' title='bbox 1022 1585 1244 1626; x_wconf 89' lang='lat' dir='ltr'>Lucretius</span> <span class='ocrx_word' id='word_1_160' title='bbox 1275 1598 1439 1640; x_wconf 90' lang='lat' dir='ltr'>quoque</span> <span class='ocrx_word' id='word_1_161' title='bbox 1470 1597 1530 1625; x_wconf 81' lang='lat' dir='ltr'>vs.</span> <span class='ocrx_word' id='word_1_162' title='bbox 1564 1585 1642 1624; x_wconf 80' lang='lat'>421</span> <span class='ocrx_word' id='word_1_163' title='bbox 1677 1598 1747 1624; x_wconf 86' lang='lat' dir='ltr'>va-</span> 
     </span>
     <span class='ocr_line' id='line_1_20' title="bbox 132 1661 1748 1718; baseline -0.004 -11"><span class='ocrx_word' id='word_1_164' title='bbox 132 1680 256 1707; x_wconf 86' lang='lat' dir='ltr'>cuum</span> <span class='ocrx_word' id='word_1_165' title='bbox 288 1679 335 1706; x_wconf 90' lang='lat' dir='ltr'>eo</span> <span class='ocrx_word' id='word_1_166' title='bbox 366 1665 488 1706; x_wconf 88' lang='lat' dir='ltr'>modo</span> <span class='ocrx_word' id='word_1_167' title='bbox 521 1664 745 1718; x_wconf 71' lang='lat' dir='ltr'>describit,</span> <span class='ocrx_word' id='word_1_168' title='bbox 788 1664 839 1704; x_wconf 92' lang='lat' dir='ltr'>ab</span> <span class='ocrx_word' id='word_1_169' title='bbox 871 1663 991 1704; x_wconf 88' lang='lat' dir='ltr'>initio</span> <span class='ocrx_word' id='word_1_170' title='bbox 1024 1667 1165 1703; x_wconf 87' lang='lat' dir='ltr'>tamen</span> <span class='ocrx_word' id='word_1_171' title='bbox 1196 1677 1279 1703; x_wconf 93' lang='lat' dir='ltr'>non</span> <span class='ocrx_word' id='word_1_172' title='bbox 1311 1662 1437 1714; x_wconf 87' lang='lat' dir='ltr'>fecit,</span> <span class='ocrx_word' id='word_1_173' title='bbox 1481 1661 1553 1702; x_wconf 87' lang='lat' dir='ltr'>sed</span> <span class='ocrx_word' id='word_1_174' title='bbox 1584 1675 1748 1716; x_wconf 85' lang='lat' dir='ltr'>semper</span> 
     </span>
     <span class='ocr_line' id='line_1_21' title="bbox 134 1739 1748 1799; baseline -0.004 -15"><span class='ocrx_word' id='word_1_175' title='bbox 134 1744 318 1799; x_wconf 80' lang='lat' dir='ltr'>loquitur</span> <span class='ocrx_word' id='word_1_176' title='bbox 367 1743 417 1784; x_wconf 91' lang='lat' dir='ltr'>de</span> <span class='ocrx_word' id='word_1_177' title='bbox 464 1742 613 1783; x_wconf 87' lang='lat' dir='ltr'>atomis</span> <span class='ocrx_word' id='word_1_178' title='bbox 659 1746 702 1783; x_wconf 88' lang='lat' dir='ltr'>et</span> <span class='ocrx_word' id='word_1_179' title='bbox 759 1741 810 1782; x_wconf 92' lang='lat' dir='ltr'>de</span> <span class='ocrx_word' id='word_1_180' title='bbox 851 1740 1112 1793; x_wconf 86' lang='lat' dir='ltr'>intervallis,</span> <span class='ocrx_word' id='word_1_181' title='bbox 1171 1740 1321 1795; x_wconf 90' lang='lat' dir='ltr'>quibus</span> <span class='ocrx_word' id='word_1_182' title='bbox 1359 1739 1513 1780; x_wconf 85' lang='lat' dir='ltr'>distant</span> <span class='ocrx_word' id='word_1_183' title='bbox 1552 1739 1661 1779; x_wconf 86' lang='lat' dir='ltr'>inter</span> <span class='ocrx_word' id='word_1_184' title='bbox 1691 1752 1748 1791; x_wconf 86' lang='lat' dir='ltr'>se,</span> 
     </span>
     <span class='ocr_line' id='line_1_22' title="bbox 133 1817 1748 1877; baseline -0.003 -15"><span class='ocrx_word' id='word_1_185' title='bbox 133 1835 324 1877; x_wconf 89' lang='lat' dir='ltr'>quaeque</span> <span class='ocrx_word' id='word_1_186' title='bbox 370 1821 494 1862; x_wconf 87' lang='lat' dir='ltr'>inane</span> <span class='ocrx_word' id='word_1_187' title='bbox 541 1824 662 1861; x_wconf 88' lang='lat' dir='ltr'>vocat</span> <span class='ocrx_word' id='word_1_188' title='bbox 685 1822 726 1873; x_wconf 72' lang='grc'>3).</span> <span class='ocrx_word' id='word_1_189' title='bbox 788 1819 875 1860; x_wconf 87' lang='lat' dir='ltr'>Res</span> <span class='ocrx_word' id='word_1_190' title='bbox 922 1818 1090 1873; x_wconf 86' lang='lat' dir='ltr'>genitae</span> <span class='ocrx_word' id='word_1_191' title='bbox 1131 1817 1243 1873; x_wconf 91' lang='lat' dir='ltr'>apud</span> <span class='ocrx_word' id='word_1_192' title='bbox 1273 1831 1369 1858; x_wconf 89' lang='lat' dir='ltr'>eum</span> <span class='ocrx_word' id='word_1_193' title='bbox 1399 1832 1483 1858; x_wconf 89' lang='lat' dir='ltr'>non</span> <span class='ocrx_word' id='word_1_194' title='bbox 1515 1820 1610 1857; x_wconf 88' lang='lat' dir='ltr'>sunt</span> <span class='ocrx_word' id='word_1_195' title='bbox 1641 1831 1748 1857; x_wconf 90' lang='lat' dir='ltr'>com-</span> 
     </span>
     <span class='ocr_line' id='line_1_23' title="bbox 133 1896 1747 1954; baseline -0.003 -14"><span class='ocrx_word' id='word_1_196' title='bbox 133 1899 352 1954; x_wconf 81' lang='lat' dir='ltr'>plexiones</span> <span class='ocrx_word' id='word_1_197' title='bbox 382 1898 583 1940; x_wconf 89' lang='lat' dir='ltr'>materiae</span> <span class='ocrx_word' id='word_1_198' title='bbox 615 1898 659 1938; x_wconf 90' lang='lat' dir='ltr'>in</span> <span class='ocrx_word' id='word_1_199' title='bbox 690 1911 822 1938; x_wconf 82' lang='lat' dir='ltr'>vacuo</span> <span class='ocrx_word' id='word_1_200' title='bbox 853 1896 913 1937; x_wconf 91' lang='lat' dir='ltr'>ita</span> <span class='ocrx_word' id='word_1_201' title='bbox 943 1900 1211 1949; x_wconf 83' lang='lat' dir='ltr'>exstructae,</span> <span class='ocrx_word' id='word_1_202' title='bbox 1258 1899 1304 1936; x_wconf 91' lang='lat' dir='ltr'>ut</span> <span class='ocrx_word' id='word_1_203' title='bbox 1334 1909 1416 1936; x_wconf 91' lang='lat' dir='ltr'>non</span> <span class='ocrx_word' id='word_1_204' title='bbox 1449 1898 1651 1950; x_wconf 89' lang='lat' dir='ltr'>perpetuo</span> <span class='ocrx_word' id='word_1_205' title='bbox 1683 1908 1747 1935; x_wconf 92' lang='lat' dir='ltr'>co-</span> 
     </span>
     <span class='ocr_line' id='line_1_24' title="bbox 134 1971 1746 2030; baseline -0.004 -12"><span class='ocrx_word' id='word_1_206' title='bbox 134 1977 364 2030; x_wconf 86' lang='lat' dir='ltr'>haereant,</span> <span class='ocrx_word' id='word_1_207' title='bbox 397 1976 470 2017; x_wconf 90' lang='lat' dir='ltr'>sed</span> <span class='ocrx_word' id='word_1_208' title='bbox 500 1990 567 2017; x_wconf 90' lang='lat' dir='ltr'>res</span> <span class='ocrx_word' id='word_1_209' title='bbox 599 1980 695 2017; x_wconf 91' lang='lat' dir='ltr'>sunt</span> <span class='ocrx_word' id='word_1_210' title='bbox 728 1975 973 2028; x_wconf 75' lang='lat' dir='ltr'>compositae</span> <span class='ocrx_word' id='word_1_211' title='bbox 1005 1973 1068 2025; x_wconf 90' lang='lat' dir='ltr'>(cf.</span> <span class='ocrx_word' id='word_1_212' title='bbox 1100 1973 1133 2013; x_wconf 88' lang='grc' dir='ltr'>Ι.</span> <span class='ocrx_word' id='word_1_213' title='bbox 1168 1973 1264 2025; x_wconf 85' lang='grc'>569)</span> <span class='ocrx_word' id='word_1_214' title='bbox 1297 1986 1318 2013; x_wconf 91' lang='lat' dir='ltr'>e</span> <span class='ocrx_word' id='word_1_215' title='bbox 1349 1972 1526 2012; x_wconf 84' lang='lat' dir='ltr'>materia</span> <span class='ocrx_word' id='word_1_216' title='bbox 1547 1976 1588 2012; x_wconf 89' lang='lat' dir='ltr'>et</span> <span class='ocrx_word' id='word_1_217' title='bbox 1609 1971 1746 2023; x_wconf 89' lang='lat' dir='ltr'>inani,</span> 
     </span>
     <span class='ocr_line' id='line_1_25' title="bbox 135 2048 1746 2110; baseline -0.005 -14"><span class='ocrx_word' id='word_1_218' title='bbox 135 2069 215 2110; x_wconf 92' lang='lat' dir='ltr'>quo</span> <span class='ocrx_word' id='word_1_219' title='bbox 246 2054 335 2095; x_wconf 91' lang='lat' dir='ltr'>fieri</span> <span class='ocrx_word' id='word_1_220' title='bbox 366 2054 530 2109; x_wconf 84' lang='lat' dir='ltr'>potuit,</span> <span class='ocrx_word' id='word_1_221' title='bbox 562 2058 609 2095; x_wconf 93' lang='lat' dir='ltr'>ut</span> <span class='ocrx_word' id='word_1_222' title='bbox 639 2053 864 2095; x_wconf 87' lang='lat' dir='ltr'>affirmaret</span> <span class='ocrx_word' id='word_1_223' title='bbox 894 2051 1069 2092; x_wconf 86' lang='lat' dir='ltr'>alteram</span> <span class='ocrx_word' id='word_1_224' title='bbox 1101 2050 1280 2091; x_wconf 88' lang='lat' dir='ltr'>alterum</span> <span class='ocrx_word' id='word_1_225' title='bbox 1312 2048 1559 2101; x_wconf 74' lang='lat' dir='ltr'>excludere,</span> <span class='ocrx_word' id='word_1_226' title='bbox 1593 2063 1642 2090; x_wconf 90' lang='lat' dir='ltr'>ea</span> <span class='ocrx_word' id='word_1_227' title='bbox 1671 2048 1746 2089; x_wconf 89' lang='lat' dir='ltr'>im-</span> 
     </span>
     <span class='ocr_line' id='line_1_26' title="bbox 134 2126 1748 2187; baseline -0.004 -14"><span class='ocrx_word' id='word_1_228' title='bbox 134 2131 413 2187; x_wconf 86' lang='lat' dir='ltr'>penetrabilia</span> <span class='ocrx_word' id='word_1_229' title='bbox 444 2145 546 2173; x_wconf 89' lang='lat' dir='ltr'>esse.</span> <span class='ocrx_word' id='word_1_230' title='bbox 599 2131 707 2180; x_wconf 86' lang='lat' dir='ltr'>Quia</span> <span class='ocrx_word' id='word_1_231' title='bbox 737 2145 820 2171; x_wconf 88' lang='lat' dir='ltr'>non</span> <span class='ocrx_word' id='word_1_232' title='bbox 851 2130 958 2170; x_wconf 90' lang='lat' dir='ltr'>bene</span> <span class='ocrx_word' id='word_1_233' title='bbox 991 2128 1222 2182; x_wconf 84' lang='lat' dir='ltr'>distinguit,</span> <span class='ocrx_word' id='word_1_234' title='bbox 1254 2141 1336 2168; x_wconf 93' lang='lat' dir='ltr'>non</span> <span class='ocrx_word' id='word_1_235' title='bbox 1366 2127 1473 2168; x_wconf 87' lang='lat' dir='ltr'>bene</span> <span class='ocrx_word' id='word_1_236' title='bbox 1506 2126 1652 2167; x_wconf 86' lang='lat' dir='ltr'>docet:</span> <span class='ocrx_word' id='word_1_237' title='bbox 1685 2130 1748 2166; x_wconf 86' lang='lat' dir='ltr'>est</span> 
     </span>
     <span class='ocr_line' id='line_1_27' title="bbox 135 2205 1749 2262; baseline -0.005 -11"><span class='ocrx_word' id='word_1_238' title='bbox 135 2210 285 2251; x_wconf 78' lang='lat' dir='ltr'>vitium</span> <span class='ocrx_word' id='word_1_239' title='bbox 315 2209 502 2251; x_wconf 90' lang='lat' dir='ltr'>methodi</span> <span class='ocrx_word' id='word_1_240' title='bbox 534 2210 573 2250; x_wconf 91' lang='lat' dir='ltr'>in</span> <span class='ocrx_word' id='word_1_241' title='bbox 607 2209 732 2250; x_wconf 86' lang='lat' dir='ltr'>rebus</span> <span class='ocrx_word' id='word_1_242' title='bbox 765 2206 1036 2262; x_wconf 86' lang='lat' dir='ltr'>explicandis.</span> <span class='ocrx_word' id='word_1_243' title='bbox 1084 2205 1203 2247; x_wconf 91' lang='lat' dir='ltr'>Idem</span> <span class='ocrx_word' id='word_1_244' title='bbox 1234 2205 1384 2245; x_wconf 88' lang='lat' dir='ltr'>vitium</span> <span class='ocrx_word' id='word_1_245' title='bbox 1416 2219 1540 2245; x_wconf 90' lang='lat' dir='ltr'>causa</span> <span class='ocrx_word' id='word_1_246' title='bbox 1571 2208 1646 2257; x_wconf 87' lang='lat' dir='ltr'>est,</span> <span class='ocrx_word' id='word_1_247' title='bbox 1677 2217 1749 2244; x_wconf 78' lang='lat' dir='ltr'>cur</span> 
     </span>
     <span class='ocr_line' id='line_1_28' title="bbox 134 2282 1748 2338; baseline -0.005 -10"><span class='ocrx_word' id='word_1_248' title='bbox 134 2288 177 2328; x_wconf 91' lang='lat' dir='ltr'>in</span> <span class='ocrx_word' id='word_1_249' title='bbox 209 2287 361 2329; x_wconf 87' lang='lat' dir='ltr'>circulo</span> <span class='ocrx_word' id='word_1_250' title='bbox 392 2287 541 2328; x_wconf 87' lang='lat' dir='ltr'>vitioso</span> <span class='ocrx_word' id='word_1_251' title='bbox 572 2290 771 2327; x_wconf 84' lang='lat' dir='ltr'>versetur.</span> <span class='ocrx_word' id='word_1_252' title='bbox 832 2284 967 2336; x_wconf 85' lang='lat' dir='ltr'>Nam,</span> <span class='ocrx_word' id='word_1_253' title='bbox 998 2286 1045 2323; x_wconf 93' lang='lat' dir='ltr'>ut</span> <span class='ocrx_word' id='word_1_254' title='bbox 1076 2297 1201 2338; x_wconf 84' lang='lat' dir='ltr'>supra</span> <span class='ocrx_word' id='word_1_255' title='bbox 1233 2282 1622 2334; x_wconf 86' lang='lat' dir='ltr'>demonstravimus,</span> <span class='ocrx_word' id='word_1_256' title='bbox 1655 2295 1748 2336; x_wconf 89' lang='lat' dir='ltr'>pro-</span> 
     </span>
     <span class='ocr_line' id='line_1_29' title="bbox 136 2357 1748 2419; baseline -0.005 -14"><span class='ocrx_word' id='word_1_257' title='bbox 136 2364 252 2405; x_wconf 87' lang='lat' dir='ltr'>bavit</span> <span class='ocrx_word' id='word_1_258' title='bbox 292 2364 572 2419; x_wconf 83' lang='lat' dir='ltr'>principium:</span> <span class='ocrx_word' id='word_1_259' title='bbox 614 2362 721 2404; x_wconf 91' lang='lat' dir='ltr'>nihil</span> <span class='ocrx_word' id='word_1_260' title='bbox 753 2376 774 2403; x_wconf 91' lang='lat' dir='ltr'>e</span> <span class='ocrx_word' id='word_1_261' title='bbox 806 2360 937 2401; x_wconf 88' lang='lat' dir='ltr'>nihilo</span> <span class='ocrx_word' id='word_1_262' title='bbox 968 2359 1059 2400; x_wconf 90' lang='lat' dir='ltr'>fieri</span> <span class='ocrx_word' id='word_1_263' title='bbox 1090 2373 1225 2415; x_wconf 89' lang='lat' dir='ltr'>neque</span> <span class='ocrx_word' id='word_1_264' title='bbox 1258 2358 1366 2414; x_wconf 90' lang='lat' dir='ltr'>quod</span> <span class='ocrx_word' id='word_1_265' title='bbox 1397 2362 1459 2399; x_wconf 85' lang='lat' dir='ltr'>est</span> <span class='ocrx_word' id='word_1_266' title='bbox 1490 2357 1542 2399; x_wconf 91' lang='lat' dir='ltr'>ad</span> <span class='ocrx_word' id='word_1_267' title='bbox 1572 2357 1748 2398; x_wconf 88' lang='lat' dir='ltr'>nihilum</span> 
     </span>
     <span class='ocr_line' id='line_1_30' title="bbox 136 2436 1748 2496; baseline -0.004 -14"><span class='ocrx_word' id='word_1_268' title='bbox 136 2441 300 2495; x_wconf 87' lang='lat' dir='ltr'>redire,</span> <span class='ocrx_word' id='word_1_269' title='bbox 333 2455 388 2482; x_wconf 87' lang='lat' dir='ltr'>ex</span> <span class='ocrx_word' id='word_1_270' title='bbox 419 2455 467 2482; x_wconf 91' lang='lat' dir='ltr'>eo</span> <span class='ocrx_word' id='word_1_271' title='bbox 485 2474 495 2494; x_wconf 96' lang='lat'>,</span> <span class='ocrx_word' id='word_1_272' title='bbox 528 2441 637 2496; x_wconf 92' lang='lat' dir='ltr'>quod</span> <span class='ocrx_word' id='word_1_273' title='bbox 667 2439 894 2495; x_wconf 89' lang='lat' dir='ltr'>primordia</span> <span class='ocrx_word' id='word_1_274' title='bbox 924 2451 1064 2478; x_wconf 86' lang='lat' dir='ltr'>rerum</span> <span class='ocrx_word' id='word_1_275' title='bbox 1095 2441 1191 2477; x_wconf 87' lang='lat' dir='ltr'>sunt</span> <span class='ocrx_word' id='word_1_276' title='bbox 1223 2441 1405 2478; x_wconf 89' lang='lat' dir='ltr'>aeterna.</span> <span class='ocrx_word' id='word_1_277' title='bbox 1465 2436 1586 2476; x_wconf 89' lang='lat' dir='ltr'>Nunc</span> <span class='ocrx_word' id='word_1_278' title='bbox 1608 2439 1748 2476; x_wconf 88' lang='lat' dir='ltr'>autem</span> 
     </span>
     <span class='ocr_line' id='line_1_31' title="bbox 138 2514 1747 2570; baseline -0.005 -9"><span class='ocrx_word' id='word_1_279' title='bbox 138 2534 160 2561; x_wconf 90' lang='lat' dir='ltr'>e</span> <span class='ocrx_word' id='word_1_280' title='bbox 205 2520 410 2560; x_wconf 84' lang='lat' dir='ltr'>contrario</span> <span class='ocrx_word' id='word_1_281' title='bbox 459 2519 559 2560; x_wconf 89' lang='lat' dir='ltr'>dicit</span> <span class='ocrx_word' id='word_1_282' title='bbox 603 2523 763 2560; x_wconf 89' lang='lat' dir='ltr'>atomos</span> <span class='ocrx_word' id='word_1_283' title='bbox 808 2515 1092 2558; x_wconf 88' lang='lat' dir='ltr'>immutabiles</span> <span class='ocrx_word' id='word_1_284' title='bbox 1123 2529 1214 2556; x_wconf 88' lang='lat' dir='ltr'>esse</span> <span class='ocrx_word' id='word_1_285' title='bbox 1248 2515 1366 2570; x_wconf 89' lang='lat' dir='ltr'>quia,</span> <span class='ocrx_word' id='word_1_286' title='bbox 1414 2514 1494 2554; x_wconf 86' lang='lat' dir='ltr'>nisi</span> <span class='ocrx_word' id='word_1_287' title='bbox 1524 2514 1584 2554; x_wconf 85' lang='lat' dir='ltr'>ita</span> <span class='ocrx_word' id='word_1_288' title='bbox 1615 2517 1747 2565; x_wconf 90' lang='lat' dir='ltr'>esset,</span> 
     </span>
     <span class='ocr_line' id='line_1_32' title="bbox 139 2595 916 2638; baseline -0.004 0"><span class='ocrx_word' id='word_1_289' title='bbox 139 2610 260 2638; x_wconf 90' lang='lat' dir='ltr'>omne</span> <span class='ocrx_word' id='word_1_290' title='bbox 291 2596 344 2637; x_wconf 90' lang='lat' dir='ltr'>ad</span> <span class='ocrx_word' id='word_1_291' title='bbox 373 2596 478 2637; x_wconf 90' lang='lat' dir='ltr'>nihil</span> <span class='ocrx_word' id='word_1_292' title='bbox 508 2597 592 2637; x_wconf 87' lang='lat' dir='ltr'>iam</span> <span class='ocrx_word' id='word_1_293' title='bbox 625 2596 695 2636; x_wconf 92' lang='lat' dir='ltr'>diu</span> <span class='ocrx_word' id='word_1_294' title='bbox 725 2595 916 2636; x_wconf 84' lang='lat' dir='ltr'>redisset.</span> 
     </span>
    </p>
   </div>
   <div class='ocr_carea' id='block_1_3' title="bbox 146 2699 383 2703">
    <p class='ocr_par' dir='ltr' id='par_1_5' title="bbox 146 2699 383 2703">
     <span class='ocr_line' id='line_1_33' title="bbox 146 2699 383 2703; baseline 0 0"><span class='ocrx_word' id='word_1_295' title='bbox 146 2699 383 2703; x_wconf 95' lang='lat' dir='ltr'> </span> 
     </span>
    </p>
   </div>
   <div class='ocr_carea' id='block_1_4' title="bbox 138 2743 1751 3040">
    <p class='ocr_par' dir='ltr' id='par_1_6' title="bbox 138 2743 1751 2916">
     <span class='ocr_line' id='line_1_34' title="bbox 182 2743 1751 2789; baseline -0.004 -9"><span class='ocrx_word' id='word_1_296' title='bbox 182 2749 204 2786; x_wconf 87' lang='lat'>¹)</span> <span class='ocrx_word' id='word_1_297' title='bbox 250 2748 305 2780; x_wconf 88' lang='lat' dir='ltr'>Vs.</span> <span class='ocrx_word' id='word_1_298' title='bbox 334 2750 395 2779; x_wconf 85' lang='lat'>524</span> <span class='ocrx_word' id='word_1_299' title='bbox 425 2748 598 2789; x_wconf 84' lang='lat' dir='ltr'>legendum</span> <span class='ocrx_word' id='word_1_300' title='bbox 625 2751 694 2779; x_wconf 84' lang='lat' dir='ltr'>est:</span> <span class='ocrx_word' id='word_1_301' title='bbox 729 2747 819 2779; x_wconf 85' lang='lat' dir='ltr'>inani</span> <span class='ocrx_word' id='word_1_302' title='bbox 846 2752 899 2786; x_wconf 76' lang='lat' dir='ltr'>est,</span> <span class='ocrx_word' id='word_1_303' title='bbox 938 2750 996 2779; x_wconf 83' lang='lat' dir='ltr'>aut</span> <span class='ocrx_word' id='word_1_304' title='bbox 1029 2757 1104 2778; x_wconf 89' lang='lat' dir='ltr'>cum</span> <span class='ocrx_word' id='word_1_305' title='bbox 1142 2745 1250 2777; x_wconf 84' lang='lat' dir='ltr'>Munr.</span> <span class='ocrx_word' id='word_1_306' title='bbox 1288 2745 1347 2776; x_wconf 80' lang='lat'>525</span> <span class='ocrx_word' id='word_1_307' title='bbox 1372 2743 1591 2775; x_wconf 78' lang='lat' dir='ltr'>distinetumst</span> <span class='ocrx_word' id='word_1_308' title='bbox 1625 2745 1657 2774; x_wconf 88' lang='lat' dir='ltr'>et</span> <span class='ocrx_word' id='word_1_309' title='bbox 1678 2744 1751 2782; x_wconf 84' lang='lat' dir='ltr'>post</span> 
     </span>
     <span class='ocr_line' id='line_1_35' title="bbox 138 2804 1749 2852; baseline -0.005 -9"><span class='ocrx_word' id='word_1_310' title='bbox 138 2823 279 2844; x_wconf 77' lang='lat' dir='ltr'>vacuum</span> <span class='ocrx_word' id='word_1_311' title='bbox 310 2813 370 2843; x_wconf 86' lang='lat'>526</span> <span class='ocrx_word' id='word_1_312' title='bbox 405 2814 573 2852; x_wconf 76' lang='lat' dir='ltr'>punctum.</span> <span class='ocrx_word' id='word_1_313' title='bbox 619 2810 752 2842; x_wconf 84' lang='lat' dir='ltr'>Lachm.</span> <span class='ocrx_word' id='word_1_314' title='bbox 787 2814 819 2842; x_wconf 84' lang='lat' dir='ltr'>et</span> <span class='ocrx_word' id='word_1_315' title='bbox 852 2810 946 2842; x_wconf 83' lang='lat' dir='ltr'>Bem.</span> <span class='ocrx_word' id='word_1_316' title='bbox 979 2809 1158 2841; x_wconf 81' lang='lat' dir='ltr'>defendunt</span> <span class='ocrx_word' id='word_1_317' title='bbox 1182 2807 1328 2839; x_wconf 77' lang='lat' dir='ltr'>codicum</span> <span class='ocrx_word' id='word_1_318' title='bbox 1350 2806 1541 2845; x_wconf 84' lang='lat' dir='ltr'>lectionem,</span> <span class='ocrx_word' id='word_1_319' title='bbox 1566 2815 1663 2847; x_wconf 85' lang='lat' dir='ltr'>quam</span> <span class='ocrx_word' id='word_1_320' title='bbox 1693 2804 1749 2836; x_wconf 83' lang='lat' dir='ltr'>vix</span> 
     </span>
     <span class='ocr_line' id='line_1_36' title="bbox 138 2875 303 2916; baseline -0.006 -9"><span class='ocrx_word' id='word_1_321' title='bbox 138 2875 303 2916; x_wconf 82' lang='lat' dir='ltr'>intellego.</span> 
     </span>
    </p>

    <p class='ocr_par' dir='ltr' id='par_1_7' title="bbox 182 2935 688 2977">
     <span class='ocr_line' id='line_1_37' title="bbox 182 2935 688 2977; baseline -0.004 -9"><span class='ocrx_word' id='word_1_322' title='bbox 182 2937 208 2977; x_wconf 85' lang='lat'>²)</span> <span class='ocrx_word' id='word_1_323' title='bbox 253 2937 296 2968; x_wconf 94' lang='lat' dir='ltr'>D.</span> <span class='ocrx_word' id='word_1_324' title='bbox 321 2936 358 2968; x_wconf 92' lang='lat' dir='ltr'>L.</span> <span class='ocrx_word' id='word_1_325' title='bbox 383 2935 426 2967; x_wconf 90' lang='lat' dir='ltr'>X.</span> <span class='ocrx_word' id='word_1_326' title='bbox 451 2937 491 2967; x_wconf 83' lang='lat'>40</span> <span class='ocrx_word' id='word_1_327' title='bbox 515 2935 556 2967; x_wconf 85' lang='lat' dir='ltr'>cf.</span> <span class='ocrx_word' id='word_1_328' title='bbox 581 2945 688 2976; x_wconf 80' lang='lat' dir='ltr'>supra.</span> 
     </span>
    </p>

    <p class='ocr_par' dir='ltr' id='par_1_8' title="bbox 183 2998 456 3040">
     <span class='ocr_line' id='line_1_38' title="bbox 183 2998 456 3040; baseline -0.004 -10"><span class='ocrx_word' id='word_1_329' title='bbox 183 2999 210 3040; x_wconf 71' lang='grc'>3)</span> <span class='ocrx_word' id='word_1_330' title='bbox 257 2998 306 3030; x_wconf 87' lang='lat' dir='ltr'>Cf.</span> <span class='ocrx_word' id='word_1_331' title='bbox 331 2999 360 3030; x_wconf 94' lang='lat' dir='ltr'>I.</span> <span class='ocrx_word' id='word_1_332' title='bbox 385 3000 456 3030; x_wconf 89' lang='lat'><strong>330.</strong></span> 
     </span>
    </p>
   </div>
  </div>
 </body>
</html>
