1894 3235
946 105 999 146 38

161 253 267 279 mus.
308 237 474 280 Cadunt
496 239 608 280 enim
640 239 767 280 atomi
800 239 1029 280 secundum
1050 240 1206 280 lineam
1224 243 1381 280 rectam
1399 239 1466 280 vel
1483 252 1589 294 quae
1606 238 1778 294 paulum

162 315 213 357 ab
232 329 282 356 ea
301 315 495 356 declinat.
529 315 612 357 Sed
629 320 863 357 atomorum
881 316 1069 357 infinitus
1091 321 1153 357 est
1177 331 1388 369 numerus,
1411 316 1622 371 complent
1644 319 1779 356 totum

162 393 345 448 spatium
391 393 450 434 ita
494 398 541 434 ut
587 407 793 448 nusquam
827 393 880 433 sit
912 407 1056 434 earum
1089 407 1242 449 expers
1274 407 1466 434 vacuum.
1528 392 1686 440 Quodsi
1721 392 1781 432 ita

163 474 253 523 est,
300 471 429 512 atomi
472 470 621 512 cadere
652 484 735 511 non
766 476 968 526 possunt,
1000 486 1096 512 nam
1128 472 1238 528 quod
1269 472 1379 513 cadit
1412 471 1593 527 spatium
1623 470 1779 511 habere

163 547 288 589 debet
334 561 410 603 per
450 547 560 603 quod
591 548 725 601 cadit,
772 548 815 588 id
846 548 956 604 quod
986 549 1076 604 ipse
1108 549 1316 604 Epicurus
1348 554 1401 590 et·
1422 548 1644 590 Lucretius
1673 533 1780 588 affir-

161 630 291 668 mant.
352 625 412 666 At
444 641 483 664 00
517 640 524 665 :
558 640 597 665 00
630 642 684 658 z
720 627 764 678 1,
811 626 993 680 spatium
1040 626 1170 680 igitur
1217 641 1291 682 per
1332 627 1442 682 quod
1473 626 1623 668 cadant
1653 625 1781 666 atomi

161 718 245 745 non
289 703 419 746 adest.
480 703 625 744 Atomi
657 716 701 743 re
737 717 833 744 vera
865 703 907 744 in
939 717 1070 744 vacuo
1103 718 1146 745 se
1178 719 1348 745 movere
1380 708 1555 760 possunt
1587 703 1661 744 sed
1691 707 1780 744 tan-

161 781 404 834 tummodo,
437 781 469 821 si
503 780 552 822 de
585 785 671 821 toto
702 795 877 822 numero
910 795 1045 822 sermo
1077 789 1167 835 est,
1200 782 1243 822 in
1275 783 1505 834 circulum,
1538 782 1708 822 volvere
1737 794 1781 822 se

163 860 318 901 debent
349 860 460 900 circa
490 873 628 900 axem.
662 859 948 912 Democritus,
981 860 1052 915 qui
1089 860 1132 900 in
1169 860 1294 901 rebus
1328 860 1637 901 mathematicis
1658 860 1782 914 longe

162 938 371 993 longeque
417 936 648 992 Epicurum
695 937 947 992 superabat,
1002 942 1159 979 rectam
1206 937 1346 978 docuit
1387 937 1645 990 doctrinam,
1688 951 1782 978 cum

162 1019 270 1056 teste
315 1015 508 1069 Diogene
550 1015 720 1056 Laertio
751 1015 774 1069 ¹)
824 1015 1074 1057 affirmaret:
1130 1020 1192 1058 καὶ
1239 1016 1312 1068 τοίς
1358 1017 1540 1069 ἀτόμους
1587 1015 1784 1068 ἀπείρους

163 1093 264 1135 εἶναι
295 1091 394 1134 »ca-rc?
425 1095 603 1148 μέγεθος
634 1096 697 1135 καὶ
729 1093 924 1145 πλῆθος,
958 1097 1211 1149 φέρεσθαι
1244 1092 1277 1136 δ’
1300 1096 1349 1136 ἐν
1380 1098 1443 1150 τῷ
1475 1094 1584 1149 ὅλῳ
1616 1092 1784 1136 δινου-

161 1172 338 1224 μένας.
399 1170 553 1211 Iurene
585 1170 694 1211 dixit
726 1170 871 1212 Cicero
905 1171 1171 1226 Gargettium
1204 1186 1276 1225 ea,
1309 1186 1415 1228 quae
1452 1171 1503 1212 ab
1541 1171 1784 1213 Democrito

163 1252 356 1289 mutuata
403 1248 613 1302 corrigere
659 1248 788 1301 velit,
837 1249 1067 1304 depravare
1113 1248 1331 1302 videriP2)
1393 1249 1443 1290 In
1487 1249 1599 1290 idem
1635 1249 1784 1290 vitium

162 1329 288 1381 poeta
333 1325 549 1367 Romanus
595 1340 760 1382 quoque
805 1326 939 1367 irruit.
1002 1327 1091 1368 Nec
1138 1342 1222 1368 non
1268 1327 1311 1368 in
1358 1327 1651 1382 gravissimum
1681 1326 1785 1368 illud

163 1403 337 1459 Epicuri
380 1404 555 1457 vitium,
597 1419 678 1460 quo
721 1405 811 1461 ipse
861 1406 1116 1461 principium
1163 1420 1263 1446 suae
1297 1405 1509 1447 doctrinae
1542 1405 1785 1459 (secundum

164 1481 275 1537 quod
320 1480 426 1522 nihil
458 1495 481 1522 e
527 1481 660 1523 nihilo
707 1482 797 1523 fieri
844 1483 1004 1538 possit,
1053 1483 1126 1524 sed
1171 1483 1310 1524 omnia
1349 1496 1456 1538 quae
1487 1482 1588 1523 fiant
1619 1496 1787 1524 causam

162 1558 363 1612 habeant)
406 1559 639 1613 subvertit,
682 1565 807 1615 poeta
847 1560 1122 1616 philosophus
1168 1566 1310 1601 noster
1352 1561 1479 1602 etiam
1515 1560 1675 1601 incidit.
1736 1560 1787 1601 In

162 1651 295 1678 vacuo
341 1637 481 1678 omnia
527 1652 701 1693 corpora
732 1652 864 1693 aeque
897 1639 1090 1679 celeriter
1122 1638 1297 1691 cadunt,
1330 1639 1527 1694 quoniam
1558 1638 1664 1679 nihil
1695 1643 1786 1691 est,

163 1714 274 1770 quod
304 1714 356 1755 iis
387 1715 554 1756 resistat
575 1713 619 1769 3).
682 1715 840 1763 Quodsi
871 1716 931 1757 ita
962 1720 1038 1769 est,
1070 1717 1197 1757 atomi
1230 1717 1339 1758 inter
1371 1730 1413 1757 se
1445 1730 1660 1772 nunquam
1691 1730 1787 1758 con-

163 1805 331 1833 currere
377 1796 580 1848 possunt,
628 1792 701 1834 sed
747 1793 977 1834 secundum
1018 1793 1151 1836 lineas
1187 1794 1495 1850 παραλλήλους
1532 1794 1682 1836 cadant
1716 1807 1788 1835 ne-

164 1884 279 1912 cesse
321 1874 396 1911 est.
458 1869 671 1926 Epicuro,
719 1875 765 1912 ut
806 1870 885 1912 hoc
917 1871 1068 1912 vitium
1101 1871 1334 1926 effugeret,
1366 1885 1537 1913 necesse
1568 1871 1789 1913 videbatur

164 1951 350 1989 statuere
409 1951 570 1989 atomos
632 1952 746 1989 certo
794 1952 1010 2004 tempore,
1059 1949 1271 1990 nescimus
1318 1949 1390 1990 ubi
1438 1954 1479 1990 et
1525 1949 1717 2005 quando,
1764 1963 1789 1990 a

163 2026 277 2067 linea
321 2030 437 2068 recta
483 2025 713 2067 declinasse
760 2027 1009 2082 perpaulum
1061 2041 1162 2079 „nec
1203 2027 1297 2082 plus
1330 2042 1455 2083 quam
1485 2027 1786 2081 minimum”·¹)

163 2104 223 2145 ita
268 2108 315 2145 ut
350 2104 461 2145 inter
502 2118 545 2145 se
582 2105 747 2146 concuti
794 2110 976 2160 possent.
1040 2106 1263 2147 Lucretius
1301 2110 1342 2146 et
1373 2105 1581 2161 Epicurus
1613 2119 1696 2146 non
1729 2105 1788 2146 di-

164 2186 292 2235 cunt,
339 2196 441 2222 num
483 2195 628 2223 omnes
669 2182 797 2223 atomi
830 2182 1042 2224 declinent
1075 2183 1205 2239 (quod
1238 2197 1260 2224 e
1292 2187 1495 2224 contextu
1527 2183 1643 2238 sequi
1673 2182 1788 2224 vide-

209 2346 235 2385 ι)
281 2346 352 2378 IX:
380 2349 431 2378 44.

207 2409 236 2449 ²)
281 2409 331 2441 De
355 2409 429 2441 Fin.
454 2409 494 2441 I:
521 2411 562 2448 6,
589 2410 627 2443 17
650 2412 683 2441 et
709 2411 766 2448 18,
793 2411 831 2441 20
855 2415 888 2441 et
912 2411 974 2449 21,
999 2413 1075 2442 cett.

207 2473 236 2514 ³)
280 2471 352 2504 Vol.
378 2472 513 2504 Hercul.
538 2472 598 2511 II,
623 2476 700 2505 tom.
727 2473 785 2511 II,
813 2475 872 2504 160
898 2473 1094 2515 ι’σοταχε(ις)
1120 2474 1180 2505 εἰσι
1204 2473 1236 2505 αἱ
1262 2472 1418 2515 (α’)τομοι.
1439 2473 1479 2505 D.
1506 2474 1543 2505 L.
1567 2473 1620 2512 X,
1645 2476 1682 2506 61
1703 2485 1710 2506 :
1735 2475 1789 2506 καὶ

165 2536 231 2577 μὴν
265 2536 320 2568 καῖ
356 2535 527 2577 ἰσοταχεῖς
561 2537 752 2578 ἀναγκαῖον
789 2539 849 2574 τὰς
873 2538 1017 2577 ἀτόμους
1042 2539 1148 2575 εἶναι,
1184 2537 1269 2568 ὅταν
1296 2538 1349 2570 διὰ
1377 2539 1434 2570 τοῦ
1459 2539 1554 2571 κενοῦ
1578 2537 1788 2580 εἶςφὲρωντοι

165 2599 305 2641 μηδενὸς
341 2600 726 2637 ἀντικόπτοντος.οὗτε
765 2603 828 2643 γὰρ
868 2606 908 2632 τά
942 2601 1051 2641 βαρέα
1087 2602 1218 2632 θᾶττον
1251 2601 1445 2639 οἰσθήσεται
1487 2606 1554 2633 τῶν
1586 2604 1711 2644 μικρῶν
1734 2603 1790 2634 καὶ

167 2663 299 2702 κούφων
335 2664 420 2696 ὅταν
454 2675 489 2704 γε
524 2663 564 2701 δὴ
599 2663 700 2703 μηδὲν
734 2665 874 2705 ἀπαντᾷ
909 2665 1026 2701 αὐτοῖς
1064 2664 1139 2697 οὔτε
1175 2668 1216 2696 τὰ
1251 2667 1352 2705 μικρὰ
1376 2668 1445 2697 τῶν
1467 2668 1638 2707 μεγάλων.
1673 2666 1788 2696 πάντα

167 2728 276 2766 πόρον
311 2726 501 2767 σύμμετρον
535 2726 680 2768 ἔχοντα,
716 2727 800 2758 ὅταν
836 2728 942 2766 μηθὲν
973 2728 1050 2768 μήτ’
1087 2726 1219 2764 ἐκείνοις
1253 2729 1451 2769 ἀντικόπτῃ.
1498 2728 1549 2759 Ex
1572 2728 1631 2759 hoc
1652 2727 1790 2759 notabili

166 2788 287 2829 placito
311 2788 420 2820 videre
444 2789 537 2828 licet,
562 2793 720 2831 quantum
745 2789 892 2821 veritatis
915 2790 950 2821 in
974 2790 1110 2832 physica
1133 2791 1280 2822 doctrina
1307 2802 1435 2833 quoque
1462 2791 1529 2823 sola
1545 2790 1627 2822 ratio
1642 2790 1790 2823 invenire

169 2852 273 2893 possit
308 2856 341 2884 et
376 2853 533 2894 quamdiu
567 2853 727 2886 eiusmodi
749 2853 883 2886 inventa
905 2853 969 2885 iam
992 2858 1070 2886 nota
1093 2865 1161 2887 esse
1183 2854 1328 2895 possint,
1364 2859 1537 2896 antequam
1560 2853 1789 2895 experimentis

168 2914 357 2956 probentur.

212 2979 234 3015 ⁴)
283 2978 340 3017 ΙΙ,
366 2989 413 3010 vs.
439 2981 511 3010 244.
