<?xml version="1.0" encoding="UTF-8"?>
<!DOCTYPE html PUBLIC "-//W3C//DTD XHTML 1.0 Transitional//EN"
    "http://www.w3.org/TR/xhtml1/DTD/xhtml1-transitional.dtd">
<html xmlns="http://www.w3.org/1999/xhtml" xml:lang="en" lang="en">
 <head>
  <title>
</title>
<meta http-equiv="Content-Type" content="text/html;charset=utf-8" />
  <meta name='ocr-system' content='tesseract 3.04.00' />
  <meta name='ocr-capabilities' content='ocr_page ocr_carea ocr_par ocr_line ocrx_word'/>
</head>
<body>
  <div class='ocr_page' id='page_1' title='image "./lucretiiphilosop00woltuoft_0017.png"; bbox 0 0 1894 3235; ppageno 0'>
   <div class='ocr_carea' id='block_1_1' title="bbox 921 149 946 189">
    <p class='ocr_par' dir='ltr' id='par_1_1' title="bbox 921 149 946 189">
     <span class='ocr_line' id='line_1_1' title="bbox 921 149 946 189; baseline 0 0"><span class='ocrx_word' id='word_1_1' title='bbox 921 149 946 189; x_wconf 86' lang='lat'><strong>3</strong></span> 
     </span>
    </p>
   </div>
   <div class='ocr_carea' id='block_1_2' title="bbox 134 281 1765 2593">
    <p class='ocr_par' dir='ltr' id='par_1_2' title="bbox 134 281 1748 556">
     <span class='ocr_line' id='line_1_2' title="bbox 136 281 1745 339; baseline 0.002 -17"><span class='ocrx_word' id='word_1_2' title='bbox 136 285 322 335; x_wconf 87' lang='lat' dir='ltr'>tassent,</span> <span class='ocrx_word' id='word_1_3' title='bbox 354 281 610 323; x_wconf 82' lang='lat' dir='ltr'>Graecorum</span> <span class='ocrx_word' id='word_1_4' title='bbox 641 281 806 323; x_wconf 89' lang='lat' dir='ltr'>litterae</span> <span class='ocrx_word' id='word_1_5' title='bbox 839 286 879 322; x_wconf 92' lang='lat' dir='ltr'>et</span> <span class='ocrx_word' id='word_1_6' title='bbox 910 281 1177 337; x_wconf 82' lang='lat' dir='ltr'>philosophia</span> <span class='ocrx_word' id='word_1_7' title='bbox 1195 282 1437 337; x_wconf 88' lang='lat' dir='ltr'>irruperunt</span> <span class='ocrx_word' id='word_1_8' title='bbox 1458 283 1745 339; x_wconf 82' lang='lat' dir='ltr'>nobiliumque</span> 
     </span>
     <span class='ocr_line' id='line_1_3' title="bbox 134 359 1748 416; baseline 0.001 -17"><span class='ocrx_word' id='word_1_9' title='bbox 134 360 264 400; x_wconf 83' lang='lat' dir='ltr'>vitam</span> <span class='ocrx_word' id='word_1_10' title='bbox 310 373 455 400; x_wconf 87' lang='lat' dir='ltr'>ornare</span> <span class='ocrx_word' id='word_1_11' title='bbox 498 364 738 414; x_wconf 88' lang='lat' dir='ltr'>coeperunt.</span> <span class='ocrx_word' id='word_1_12' title='bbox 801 359 884 400; x_wconf 84' lang='lat' dir='ltr'>Sed</span> <span class='ocrx_word' id='word_1_13' title='bbox 915 360 1104 401; x_wconf 78' lang='lat' dir='ltr'>Platonis</span> <span class='ocrx_word' id='word_1_14' title='bbox 1137 365 1178 401; x_wconf 91' lang='lat' dir='ltr'>et</span> <span class='ocrx_word' id='word_1_15' title='bbox 1208 360 1450 401; x_wconf 86' lang='lat' dir='ltr'>Aristotelis</span> <span class='ocrx_word' id='word_1_16' title='bbox 1481 360 1748 416; x_wconf 82' lang='lat' dir='ltr'>philosophia</span> 
     </span>
     <span class='ocr_line' id='line_1_4' title="bbox 135 437 1747 493; baseline 0.002 -15"><span class='ocrx_word' id='word_1_17' title='bbox 135 437 273 478; x_wconf 90' lang='lat' dir='ltr'>minus</span> <span class='ocrx_word' id='word_1_18' title='bbox 317 442 415 492; x_wconf 89' lang='lat' dir='ltr'>apta</span> <span class='ocrx_word' id='word_1_19' title='bbox 460 441 549 477; x_wconf 90' lang='lat' dir='ltr'>erat</span> <span class='ocrx_word' id='word_1_20' title='bbox 578 451 748 477; x_wconf 85' lang='lat' dir='ltr'>romano</span> <span class='ocrx_word' id='word_1_21' title='bbox 783 437 952 491; x_wconf 87' lang='lat' dir='ltr'>ingenio</span> <span class='ocrx_word' id='word_1_22' title='bbox 984 443 1156 493; x_wconf 88' lang='lat' dir='ltr'>propter</span> <span class='ocrx_word' id='word_1_23' title='bbox 1188 437 1476 479; x_wconf 87' lang='lat' dir='ltr'>difficultatem</span> <span class='ocrx_word' id='word_1_24' title='bbox 1508 443 1550 479; x_wconf 92' lang='lat' dir='ltr'>et</span> <span class='ocrx_word' id='word_1_25' title='bbox 1581 454 1605 480; x_wconf 88' lang='lat' dir='ltr'>a</span> <span class='ocrx_word' id='word_1_26' title='bbox 1634 440 1747 481; x_wconf 79' lang='lat' dir='ltr'>vitae</span> 
     </span>
     <span class='ocr_line' id='line_1_5' title="bbox 136 515 673 556; baseline -0.002 0"><span class='ocrx_word' id='word_1_27' title='bbox 136 529 215 556; x_wconf 89' lang='lat' dir='ltr'>usu</span> <span class='ocrx_word' id='word_1_28' title='bbox 245 516 425 556; x_wconf 86' lang='lat' dir='ltr'>alienam</span> <span class='ocrx_word' id='word_1_29' title='bbox 455 515 673 556; x_wconf 86' lang='lat' dir='ltr'>rationem.</span> 
     </span>
    </p>

    <p class='ocr_par' dir='ltr' id='par_1_3' title="bbox 137 593 1765 2593">
     <span class='ocr_line' id='line_1_6' title="bbox 193 593 1751 650; baseline 0.003 -17"><span class='ocrx_word' id='word_1_30' title='bbox 193 593 293 648; x_wconf 88' lang='lat' dir='ltr'>Ipsa</span> <span class='ocrx_word' id='word_1_31' title='bbox 337 593 593 634; x_wconf 80' lang='lat' dir='ltr'>Graecorum</span> <span class='ocrx_word' id='word_1_32' title='bbox 623 606 742 633; x_wconf 88' lang='lat' dir='ltr'>mens</span> <span class='ocrx_word' id='word_1_33' title='bbox 773 593 995 647; x_wconf 81' lang='lat' dir='ltr'>grandium</span> <span class='ocrx_word' id='word_1_34' title='bbox 1027 594 1328 648; x_wconf 77' lang='lat' dir='ltr'>cogitationum</span> <span class='ocrx_word' id='word_1_35' title='bbox 1359 609 1443 635; x_wconf 91' lang='lat' dir='ltr'>non</span> <span class='ocrx_word' id='word_1_36' title='bbox 1475 595 1654 650; x_wconf 90' lang='lat' dir='ltr'>amplius</span> <span class='ocrx_word' id='word_1_37' title='bbox 1686 610 1751 637; x_wconf 88' lang='lat' dir='ltr'>ca-</span> 
     </span>
     <span class='ocr_line' id='line_1_7' title="bbox 137 670 1750 726; baseline 0.002 -16"><span class='ocrx_word' id='word_1_38' title='bbox 137 685 248 726; x_wconf 85' lang='lat' dir='ltr'>pax,</span> <span class='ocrx_word' id='word_1_39' title='bbox 280 671 365 711; x_wconf 89' lang='lat' dir='ltr'>iam</span> <span class='ocrx_word' id='word_1_40' title='bbox 397 670 468 711; x_wconf 90' lang='lat' dir='ltr'>diu</span> <span class='ocrx_word' id='word_1_41' title='bbox 499 670 551 711; x_wconf 89' lang='lat' dir='ltr'>ad</span> <span class='ocrx_word' id='word_1_42' title='bbox 583 684 802 725; x_wconf 88' lang='lat' dir='ltr'>corporum</span> <span class='ocrx_word' id='word_1_43' title='bbox 835 671 964 711; x_wconf 89' lang='lat' dir='ltr'>solam</span> <span class='ocrx_word' id='word_1_44' title='bbox 997 672 1392 726; x_wconf 85' lang='lat' dir='ltr'>contemplationem</span> <span class='ocrx_word' id='word_1_45' title='bbox 1423 686 1466 713; x_wconf 87' lang='lat' dir='ltr'>se</span> <span class='ocrx_word' id='word_1_46' title='bbox 1499 673 1750 714; x_wconf 74' lang='lat' dir='ltr'>contulerat:</span> 
     </span>
     <span class='ocr_line' id='line_1_8' title="bbox 137 748 1753 802; baseline 0.002 -14"><span class='ocrx_word' id='word_1_47' title='bbox 137 748 276 789; x_wconf 92' lang='lat' dir='ltr'>minus</span> <span class='ocrx_word' id='word_1_48' title='bbox 321 748 448 789; x_wconf 90' lang='lat' dir='ltr'>etiam</span> <span class='ocrx_word' id='word_1_49' title='bbox 483 762 702 789; x_wconf 86' lang='lat' dir='ltr'>romanum</span> <span class='ocrx_word' id='word_1_50' title='bbox 733 749 950 802; x_wconf 82' lang='lat' dir='ltr'>ingenium</span> <span class='ocrx_word' id='word_1_51' title='bbox 982 749 1025 789; x_wconf 87' lang='lat' dir='ltr'>in</span> <span class='ocrx_word' id='word_1_52' title='bbox 1056 749 1245 790; x_wconf 86' lang='lat' dir='ltr'>Platonis</span> <span class='ocrx_word' id='word_1_53' title='bbox 1277 750 1478 790; x_wconf 85' lang='lat' dir='ltr'>abstrusis</span> <span class='ocrx_word' id='word_1_54' title='bbox 1510 751 1753 792; x_wconf 86' lang='lat' dir='ltr'>notionibus</span> 
     </span>
     <span class='ocr_line' id='line_1_9' title="bbox 140 825 1756 882; baseline 0.002 -17"><span class='ocrx_word' id='word_1_55' title='bbox 140 830 182 866; x_wconf 92' lang='lat' dir='ltr'>et</span> <span class='ocrx_word' id='word_1_56' title='bbox 226 825 468 866; x_wconf 89' lang='lat' dir='ltr'>Aristotelis</span> <span class='ocrx_word' id='word_1_57' title='bbox 515 826 952 880; x_wconf 83' lang='lat' dir='ltr'>argumentationibus</span> <span class='ocrx_word' id='word_1_58' title='bbox 998 826 1155 866; x_wconf 78' lang='lat' dir='ltr'>versari</span> <span class='ocrx_word' id='word_1_59' title='bbox 1204 831 1245 867; x_wconf 87' lang='lat' dir='ltr'>et</span> <span class='ocrx_word' id='word_1_60' title='bbox 1275 827 1418 868; x_wconf 74' lang='lat' dir='ltr'>vivere</span> <span class='ocrx_word' id='word_1_61' title='bbox 1449 832 1641 882; x_wconf 85' lang='lat' dir='ltr'>poterat,</span> <span class='ocrx_word' id='word_1_62' title='bbox 1675 828 1756 869; x_wconf 91' lang='lat' dir='ltr'>etsi</span> 
     </span>
     <span class='ocr_line' id='line_1_10' title="bbox 139 903 1755 960; baseline 0.002 -16"><span class='ocrx_word' id='word_1_63' title='bbox 139 903 329 944; x_wconf 90' lang='lat' dir='ltr'>nonnulli</span> <span class='ocrx_word' id='word_1_64' title='bbox 373 903 453 943; x_wconf 80' lang='lat' dir='ltr'>viri</span> <span class='ocrx_word' id='word_1_65' title='bbox 500 903 653 944; x_wconf 82' lang='lat' dir='ltr'>eruditi</span> <span class='ocrx_word' id='word_1_66' title='bbox 690 917 759 944; x_wconf 91' lang='lat' dir='ltr'>eos</span> <span class='ocrx_word' id='word_1_67' title='bbox 792 903 1062 958; x_wconf 88' lang='lat' dir='ltr'>philosophos</span> <span class='ocrx_word' id='word_1_68' title='bbox 1094 904 1145 944; x_wconf 90' lang='lat' dir='ltr'>ob</span> <span class='ocrx_word' id='word_1_69' title='bbox 1178 904 1424 946; x_wconf 89' lang='lat' dir='ltr'>eruditionis</span> <span class='ocrx_word' id='word_1_70' title='bbox 1455 906 1637 960; x_wconf 89' lang='lat' dir='ltr'>speciem</span> <span class='ocrx_word' id='word_1_71' title='bbox 1668 906 1755 947; x_wconf 91' lang='lat' dir='ltr'>lau-</span> 
     </span>
     <span class='ocr_line' id='line_1_11' title="bbox 140 980 1755 1038; baseline 0.002 -17"><span class='ocrx_word' id='word_1_72' title='bbox 140 980 294 1021; x_wconf 86' lang='lat' dir='ltr'>dabant</span> <span class='ocrx_word' id='word_1_73' title='bbox 325 985 367 1021; x_wconf 91' lang='lat' dir='ltr'>et</span> <span class='ocrx_word' id='word_1_74' title='bbox 398 980 598 1036; x_wconf 86' lang='lat' dir='ltr'>quosdam</span> <span class='ocrx_word' id='word_1_75' title='bbox 630 981 839 1022; x_wconf 80' lang='lat' dir='ltr'>faciliores</span> <span class='ocrx_word' id='word_1_76' title='bbox 872 995 1015 1022; x_wconf 88' lang='lat' dir='ltr'>eorum</span> <span class='ocrx_word' id='word_1_77' title='bbox 1046 981 1174 1022; x_wconf 88' lang='lat' dir='ltr'>libros</span> <span class='ocrx_word' id='word_1_78' title='bbox 1206 982 1418 1036; x_wconf 86' lang='lat' dir='ltr'>legebant.</span> <span class='ocrx_word' id='word_1_79' title='bbox 1479 983 1652 1038; x_wconf 91' lang='lat' dir='ltr'>Epicuri</span> <span class='ocrx_word' id='word_1_80' title='bbox 1684 999 1755 1025; x_wconf 88' lang='lat' dir='ltr'>au-</span> 
     </span>
     <span class='ocr_line' id='line_1_12' title="bbox 139 1058 1758 1115; baseline 0.003 -17"><span class='ocrx_word' id='word_1_81' title='bbox 139 1062 226 1098; x_wconf 90' lang='lat' dir='ltr'>tem</span> <span class='ocrx_word' id='word_1_82' title='bbox 267 1058 455 1099; x_wconf 88' lang='lat' dir='ltr'>doctrina</span> <span class='ocrx_word' id='word_1_83' title='bbox 484 1059 618 1113; x_wconf 89' lang='lat' dir='ltr'>magis</span> <span class='ocrx_word' id='word_1_84' title='bbox 650 1073 744 1099; x_wconf 88' lang='lat' dir='ltr'>cum</span> <span class='ocrx_word' id='word_1_85' title='bbox 777 1059 1063 1099; x_wconf 84' lang='lat' dir='ltr'>Romanorum</span> <span class='ocrx_word' id='word_1_86' title='bbox 1094 1058 1270 1100; x_wconf 88' lang='lat' dir='ltr'>huiusce</span> <span class='ocrx_word' id='word_1_87' title='bbox 1303 1062 1501 1115; x_wconf 86' lang='lat' dir='ltr'>temporis</span> <span class='ocrx_word' id='word_1_88' title='bbox 1533 1066 1684 1103; x_wconf 87' lang='lat' dir='ltr'>natura</span> <span class='ocrx_word' id='word_1_89' title='bbox 1715 1066 1758 1103; x_wconf 91' lang='lat' dir='ltr'>et</span> 
     </span>
     <span class='ocr_line' id='line_1_13' title="bbox 141 1134 1758 1194; baseline 0.004 -20"><span class='ocrx_word' id='word_1_90' title='bbox 141 1134 358 1176; x_wconf 86' lang='lat' dir='ltr'>desideriis</span> <span class='ocrx_word' id='word_1_91' title='bbox 420 1135 712 1176; x_wconf 81' lang='lat' dir='ltr'>conveniebat.</span> <span class='ocrx_word' id='word_1_92' title='bbox 796 1135 926 1177; x_wconf 82' lang='lat' dir='ltr'>Cuius</span> <span class='ocrx_word' id='word_1_93' title='bbox 976 1136 1037 1175; x_wconf 90' lang='lat' dir='ltr'>rei</span> <span class='ocrx_word' id='word_1_94' title='bbox 1089 1135 1261 1189; x_wconf 81' lang='lat' dir='ltr'>Cicero,</span> <span class='ocrx_word' id='word_1_95' title='bbox 1322 1151 1487 1192; x_wconf 86' lang='lat' dir='ltr'>semper</span> <span class='ocrx_word' id='word_1_96' title='bbox 1537 1138 1758 1194; x_wconf 86' lang='lat' dir='ltr'>Epicureis</span> 
     </span>
     <span class='ocr_line' id='line_1_14' title="bbox 141 1212 1756 1272; baseline 0.004 -20"><span class='ocrx_word' id='word_1_97' title='bbox 141 1212 344 1265; x_wconf 88' lang='lat' dir='ltr'>infestus,</span> <span class='ocrx_word' id='word_1_98' title='bbox 377 1227 544 1254; x_wconf 87' lang='lat' dir='ltr'>causam</span> <span class='ocrx_word' id='word_1_99' title='bbox 576 1212 683 1254; x_wconf 87' lang='lat' dir='ltr'>hanc</span> <span class='ocrx_word' id='word_1_100' title='bbox 716 1227 806 1253; x_wconf 90' lang='lat' dir='ltr'>esse</span> <span class='ocrx_word' id='word_1_101' title='bbox 838 1217 1069 1253; x_wconf 85' lang='lat' dir='ltr'>memorat:</span> <span class='ocrx_word' id='word_1_102' title='bbox 1123 1218 1190 1265; x_wconf 84' lang='lat' dir='ltr'>„et</span> <span class='ocrx_word' id='word_1_103' title='bbox 1221 1214 1332 1269; x_wconf 91' lang='lat' dir='ltr'>quod</span> <span class='ocrx_word' id='word_1_104' title='bbox 1364 1215 1578 1270; x_wconf 84' lang='lat' dir='ltr'>quaeritur</span> <span class='ocrx_word' id='word_1_105' title='bbox 1610 1230 1756 1272; x_wconf 82' lang='lat' dir='ltr'>saepe,</span> 
     </span>
     <span class='ocr_line' id='line_1_15' title="bbox 142 1291 1759 1346; baseline 0.003 -16"><span class='ocrx_word' id='word_1_106' title='bbox 142 1304 215 1331; x_wconf 91' lang='lat' dir='ltr'>cur</span> <span class='ocrx_word' id='word_1_107' title='bbox 246 1294 333 1331; x_wconf 90' lang='lat' dir='ltr'>tam</span> <span class='ocrx_word' id='word_1_108' title='bbox 363 1291 486 1330; x_wconf 88' lang='lat' dir='ltr'>multi</span> <span class='ocrx_word' id='word_1_109' title='bbox 518 1291 599 1331; x_wconf 91' lang='lat' dir='ltr'>sint</span> <span class='ocrx_word' id='word_1_110' title='bbox 630 1291 855 1345; x_wconf 85' lang='lat' dir='ltr'>Epicurei,</span> <span class='ocrx_word' id='word_1_111' title='bbox 889 1295 985 1331; x_wconf 90' lang='lat' dir='ltr'>sunt</span> <span class='ocrx_word' id='word_1_112' title='bbox 1017 1291 1123 1331; x_wconf 89' lang='lat' dir='ltr'>aliae</span> <span class='ocrx_word' id='word_1_113' title='bbox 1155 1305 1318 1346; x_wconf 90' lang='lat' dir='ltr'>quoque</span> <span class='ocrx_word' id='word_1_114' title='bbox 1351 1307 1528 1346; x_wconf 86' lang='lat' dir='ltr'>causae,</span> <span class='ocrx_word' id='word_1_115' title='bbox 1560 1294 1632 1335; x_wconf 87' lang='lat' dir='ltr'>sed</span> <span class='ocrx_word' id='word_1_116' title='bbox 1654 1295 1759 1335; x_wconf 83' lang='lat' dir='ltr'>mul-</span> 
     </span>
     <span class='ocr_line' id='line_1_16' title="bbox 141 1367 1762 1424; baseline 0.003 -16"><span class='ocrx_word' id='word_1_117' title='bbox 141 1367 365 1408; x_wconf 86' lang='lat' dir='ltr'>titudinem</span> <span class='ocrx_word' id='word_1_118' title='bbox 395 1367 499 1409; x_wconf 90' lang='lat' dir='ltr'>haec</span> <span class='ocrx_word' id='word_1_119' title='bbox 530 1369 714 1409; x_wconf 78' lang='lat' dir='ltr'>maxime</span> <span class='ocrx_word' id='word_1_120' title='bbox 749 1368 906 1421; x_wconf 87' lang='lat' dir='ltr'>allicit,</span> <span class='ocrx_word' id='word_1_121' title='bbox 939 1368 1049 1423; x_wconf 86' lang='lat' dir='ltr'>quod</span> <span class='ocrx_word' id='word_1_122' title='bbox 1078 1369 1137 1409; x_wconf 90' lang='lat' dir='ltr'>ita</span> <span class='ocrx_word' id='word_1_123' title='bbox 1168 1373 1317 1424; x_wconf 87' lang='lat' dir='ltr'>putant</span> <span class='ocrx_word' id='word_1_124' title='bbox 1340 1370 1420 1411; x_wconf 89' lang='lat' dir='ltr'>dici</span> <span class='ocrx_word' id='word_1_125' title='bbox 1441 1371 1492 1411; x_wconf 92' lang='lat' dir='ltr'>ab</span> <span class='ocrx_word' id='word_1_126' title='bbox 1514 1371 1614 1424; x_wconf 91' lang='lat' dir='ltr'>illo,</span> <span class='ocrx_word' id='word_1_127' title='bbox 1646 1377 1762 1414; x_wconf 89' lang='lat' dir='ltr'>recta</span> 
     </span>
     <span class='ocr_line' id='line_1_17' title="bbox 143 1445 1759 1504; baseline 0.004 -19"><span class='ocrx_word' id='word_1_128' title='bbox 143 1448 184 1485; x_wconf 87' lang='lat' dir='ltr'>et</span> <span class='ocrx_word' id='word_1_129' title='bbox 229 1445 406 1486; x_wconf 88' lang='lat' dir='ltr'>honesta</span> <span class='ocrx_word' id='word_1_130' title='bbox 451 1460 557 1501; x_wconf 90' lang='lat' dir='ltr'>quae</span> <span class='ocrx_word' id='word_1_131' title='bbox 603 1447 712 1499; x_wconf 91' lang='lat' dir='ltr'>sint,</span> <span class='ocrx_word' id='word_1_132' title='bbox 761 1460 810 1486; x_wconf 91' lang='lat' dir='ltr'>ea</span> <span class='ocrx_word' id='word_1_133' title='bbox 851 1446 987 1487; x_wconf 86' lang='lat' dir='ltr'>facere</span> <span class='ocrx_word' id='word_1_134' title='bbox 1018 1447 1109 1501; x_wconf 90' lang='lat' dir='ltr'>ipsa</span> <span class='ocrx_word' id='word_1_135' title='bbox 1140 1461 1214 1502; x_wconf 92' lang='lat' dir='ltr'>per</span> <span class='ocrx_word' id='word_1_136' title='bbox 1246 1462 1288 1488; x_wconf 91' lang='lat' dir='ltr'>se</span> <span class='ocrx_word' id='word_1_137' title='bbox 1320 1448 1548 1502; x_wconf 82' lang='lat' dir='ltr'>laetitiam,</span> <span class='ocrx_word' id='word_1_138' title='bbox 1596 1450 1638 1491; x_wconf 89' lang='lat' dir='ltr'>id</span> <span class='ocrx_word' id='word_1_139' title='bbox 1670 1455 1759 1504; x_wconf 91' lang='lat' dir='ltr'>est,</span> 
     </span>
     <span class='ocr_line' id='line_1_18' title="bbox 141 1522 1760 1583; baseline 0.004 -21"><span class='ocrx_word' id='word_1_140' title='bbox 141 1522 428 1576; x_wconf 86' lang='lat' dir='ltr'>voluptatem”</span> <span class='ocrx_word' id='word_1_141' title='bbox 455 1523 479 1572; x_wconf 87' lang='lat'>¹)</span> <span class='ocrx_word' id='word_1_142' title='bbox 529 1527 570 1563; x_wconf 90' lang='lat' dir='ltr'>et</span> <span class='ocrx_word' id='word_1_143' title='bbox 615 1523 742 1564; x_wconf 87' lang='lat' dir='ltr'>alibi:</span> <span class='ocrx_word' id='word_1_144' title='bbox 795 1524 906 1575; x_wconf 80' lang='lat' dir='ltr'>„sive</span> <span class='ocrx_word' id='word_1_145' title='bbox 954 1524 1063 1579; x_wconf 89' lang='lat' dir='ltr'>quod</span> <span class='ocrx_word' id='word_1_146' title='bbox 1112 1529 1202 1565; x_wconf 87' lang='lat' dir='ltr'>erat</span> <span class='ocrx_word' id='word_1_147' title='bbox 1250 1525 1477 1581; x_wconf 88' lang='lat' dir='ltr'>(Epicurea</span> <span class='ocrx_word' id='word_1_148' title='bbox 1529 1527 1760 1583; x_wconf 87' lang='lat' dir='ltr'>disciplina)</span> 
     </span>
     <span class='ocr_line' id='line_1_19' title="bbox 143 1600 1762 1658; baseline 0.004 -17"><span class='ocrx_word' id='word_1_149' title='bbox 143 1600 314 1654; x_wconf 87' lang='lat' dir='ltr'>cognitu</span> <span class='ocrx_word' id='word_1_150' title='bbox 350 1601 587 1656; x_wconf 78' lang='lat' dir='ltr'>perfacilis,</span> <span class='ocrx_word' id='word_1_151' title='bbox 635 1601 722 1642; x_wconf 76' lang='lat' dir='ltr'>sive</span> <span class='ocrx_word' id='word_1_152' title='bbox 770 1602 881 1656; x_wconf 87' lang='lat' dir='ltr'>quod</span> <span class='ocrx_word' id='word_1_153' title='bbox 929 1602 1216 1643; x_wconf 80' lang='lat' dir='ltr'>invitabantur</span> <span class='ocrx_word' id='word_1_154' title='bbox 1259 1605 1511 1658; x_wconf 80' lang='lat' dir='ltr'>(multitudo)</span> <span class='ocrx_word' id='word_1_155' title='bbox 1553 1606 1762 1647; x_wconf 79' lang='lat' dir='ltr'>illecebris</span> 
     </span>
     <span class='ocr_line' id='line_1_20' title="bbox 141 1670 1761 1738; baseline 0.004 -20"><span class='ocrx_word' id='word_1_156' title='bbox 141 1677 304 1719; x_wconf 89' lang='lat' dir='ltr'>blandis</span> <span class='ocrx_word' id='word_1_157' title='bbox 320 1678 575 1733; x_wconf 85' lang='lat' dir='ltr'>voluptatis&#39;’</span> <span class='ocrx_word' id='word_1_158' title='bbox 594 1678 641 1732; x_wconf 75' lang='lat'>²),</span> <span class='ocrx_word' id='word_1_159' title='bbox 665 1693 767 1734; x_wconf 83' lang='lat' dir='ltr'>quas</span> <span class='ocrx_word' id='word_1_160' title='bbox 789 1693 954 1732; x_wconf 87' lang='lat' dir='ltr'>causas,</span> <span class='ocrx_word' id='word_1_161' title='bbox 974 1680 1179 1735; x_wconf 87' lang='lat' dir='ltr'>imprimis</span> <span class='ocrx_word' id='word_1_162' title='bbox 1201 1670 1448 1735; x_wconf 86' lang='lat' dir='ltr'>secundam,</span> <span class='ocrx_word' id='word_1_163' title='bbox 1472 1683 1613 1738; x_wconf 88' lang='lat' dir='ltr'>plures</span> <span class='ocrx_word' id='word_1_164' title='bbox 1635 1685 1761 1725; x_wconf 85' lang='lat' dir='ltr'>etiam</span> 
     </span>
     <span class='ocr_line' id='line_1_21' title="bbox 141 1755 1762 1813; baseline 0.004 -19"><span class='ocrx_word' id='word_1_165' title='bbox 141 1755 271 1795; x_wconf 85' lang='lat' dir='ltr'>nostri</span> <span class='ocrx_word' id='word_1_166' title='bbox 301 1756 501 1810; x_wconf 83' lang='lat' dir='ltr'>temporis</span> <span class='ocrx_word' id='word_1_167' title='bbox 531 1755 730 1797; x_wconf 80' lang='lat' dir='ltr'>historiae</span> <span class='ocrx_word' id='word_1_168' title='bbox 762 1756 1054 1812; x_wconf 90' lang='lat' dir='ltr'>philosophiae</span> <span class='ocrx_word' id='word_1_169' title='bbox 1087 1758 1331 1813; x_wconf 80' lang='lat' dir='ltr'>scriptores,</span> <span class='ocrx_word' id='word_1_170' title='bbox 1355 1773 1450 1799; x_wconf 90' lang='lat' dir='ltr'>eum</span> <span class='ocrx_word' id='word_1_171' title='bbox 1472 1760 1631 1813; x_wconf 87' lang='lat' dir='ltr'>secuti,</span> <span class='ocrx_word' id='word_1_172' title='bbox 1664 1760 1762 1801; x_wconf 87' lang='lat' dir='ltr'>affe-</span> 
     </span>
     <span class='ocr_line' id='line_1_22' title="bbox 141 1832 1762 1892; baseline 0.004 -20"><span class='ocrx_word' id='word_1_173' title='bbox 141 1836 252 1872; x_wconf 89' lang='lat' dir='ltr'>runt.</span> <span class='ocrx_word' id='word_1_174' title='bbox 298 1832 381 1873; x_wconf 80' lang='lat' dir='ltr'>Sed</span> <span class='ocrx_word' id='word_1_175' title='bbox 403 1837 544 1873; x_wconf 88' lang='lat' dir='ltr'>tamen</span> <span class='ocrx_word' id='word_1_176' title='bbox 566 1833 636 1888; x_wconf 88' lang='lat' dir='ltr'>qui</span> <span class='ocrx_word' id='word_1_177' title='bbox 659 1833 727 1873; x_wconf 74' lang='lat' dir='ltr'>vel</span> <span class='ocrx_word' id='word_1_178' title='bbox 749 1833 922 1888; x_wconf 89' lang='lat' dir='ltr'>Epicuri</span> <span class='ocrx_word' id='word_1_179' title='bbox 945 1835 1012 1875; x_wconf 80' lang='lat' dir='ltr'>vel</span> <span class='ocrx_word' id='word_1_180' title='bbox 1034 1835 1245 1889; x_wconf 87' lang='lat' dir='ltr'>Lucretii,</span> <span class='ocrx_word' id='word_1_181' title='bbox 1277 1837 1344 1877; x_wconf 75' lang='lat' dir='ltr'>vel</span> <span class='ocrx_word' id='word_1_182' title='bbox 1365 1837 1542 1878; x_wconf 89' lang='lat' dir='ltr'>aliorum</span> <span class='ocrx_word' id='word_1_183' title='bbox 1563 1837 1762 1892; x_wconf 86' lang='lat' dir='ltr'>Epicure-</span> 
     </span>
     <span class='ocr_line' id='line_1_23' title="bbox 143 1910 1762 1968; baseline 0.004 -18"><span class='ocrx_word' id='word_1_184' title='bbox 143 1924 261 1950; x_wconf 88' lang='lat' dir='ltr'>orum</span> <span class='ocrx_word' id='word_1_185' title='bbox 293 1910 448 1965; x_wconf 89' lang='lat' dir='ltr'>scripta</span> <span class='ocrx_word' id='word_1_186' title='bbox 477 1911 629 1965; x_wconf 88' lang='lat' dir='ltr'>legerit</span> <span class='ocrx_word' id='word_1_187' title='bbox 650 1913 710 1964; x_wconf 79' lang='lat'>³),</span> <span class='ocrx_word' id='word_1_188' title='bbox 742 1912 816 1951; x_wconf 75' lang='lat' dir='ltr'>vix</span> <span class='ocrx_word' id='word_1_189' title='bbox 848 1912 898 1952; x_wconf 92' lang='lat' dir='ltr'>iis</span> <span class='ocrx_word' id='word_1_190' title='bbox 929 1913 1124 1953; x_wconf 88' lang='lat' dir='ltr'>assentiri</span> <span class='ocrx_word' id='word_1_191' title='bbox 1153 1914 1318 1968; x_wconf 89' lang='lat' dir='ltr'>poterit.</span> <span class='ocrx_word' id='word_1_192' title='bbox 1373 1914 1482 1955; x_wconf 75' lang='lat' dir='ltr'>Nam</span> <span class='ocrx_word' id='word_1_193' title='bbox 1504 1915 1619 1956; x_wconf 93' lang='lat' dir='ltr'>nullo</span> <span class='ocrx_word' id='word_1_194' title='bbox 1641 1916 1762 1957; x_wconf 91' lang='lat' dir='ltr'>modo</span> 
     </span>
     <span class='ocr_line' id='line_1_24' title="bbox 143 1987 1764 2046; baseline 0.004 -19"><span class='ocrx_word' id='word_1_195' title='bbox 143 1987 319 2028; x_wconf 91' lang='lat' dir='ltr'>aliorum</span> <span class='ocrx_word' id='word_1_196' title='bbox 366 1987 555 2028; x_wconf 86' lang='lat' dir='ltr'>doctrina</span> <span class='ocrx_word' id='word_1_197' title='bbox 599 1987 703 2029; x_wconf 86' lang='lat' dir='ltr'>haec</span> <span class='ocrx_word' id='word_1_198' title='bbox 739 1988 1021 2041; x_wconf 87' lang='lat' dir='ltr'>„Graecorum</span> <span class='ocrx_word' id='word_1_199' title='bbox 1054 1990 1229 2031; x_wconf 89' lang='lat' dir='ltr'>obscura</span> <span class='ocrx_word' id='word_1_200' title='bbox 1259 1992 1453 2046; x_wconf 80' lang='lat' dir='ltr'>reperta’&#39;</span> <span class='ocrx_word' id='word_1_201' title='bbox 1477 1994 1505 2045; x_wconf 78' lang='lat'>4)</span> <span class='ocrx_word' id='word_1_202' title='bbox 1539 1997 1635 2033; x_wconf 91' lang='lat' dir='ltr'>sunt</span> <span class='ocrx_word' id='word_1_203' title='bbox 1666 1993 1764 2034; x_wconf 87' lang='lat' dir='ltr'>faci-</span> 
     </span>
     <span class='ocr_line' id='line_1_25' title="bbox 144 2065 1764 2121; baseline 0.004 -16"><span class='ocrx_word' id='word_1_204' title='bbox 144 2065 260 2106; x_wconf 90' lang='lat' dir='ltr'>liora.</span> <span class='ocrx_word' id='word_1_205' title='bbox 321 2065 557 2120; x_wconf 83' lang='lat' dir='ltr'>Praecipua</span> <span class='ocrx_word' id='word_1_206' title='bbox 599 2080 745 2119; x_wconf 88' lang='lat' dir='ltr'>causa,</span> <span class='ocrx_word' id='word_1_207' title='bbox 794 2081 866 2107; x_wconf 91' lang='lat' dir='ltr'>cur</span> <span class='ocrx_word' id='word_1_208' title='bbox 906 2067 1052 2108; x_wconf 87' lang='lat' dir='ltr'>Cicero</span> <span class='ocrx_word' id='word_1_209' title='bbox 1084 2068 1142 2109; x_wconf 87' lang='lat' dir='ltr'>ita</span> <span class='ocrx_word' id='word_1_210' title='bbox 1174 2069 1408 2121; x_wconf 86' lang='lat' dir='ltr'>censuerit,</span> <span class='ocrx_word' id='word_1_211' title='bbox 1456 2070 1629 2111; x_wconf 86' lang='lat' dir='ltr'>fortasse</span> <span class='ocrx_word' id='word_1_212' title='bbox 1660 2070 1764 2112; x_wconf 87' lang='lat' dir='ltr'>haec</span> 
     </span>
     <span class='ocr_line' id='line_1_26' title="bbox 144 2143 1763 2204; baseline 0.004 -20"><span class='ocrx_word' id='word_1_213' title='bbox 144 2143 246 2197; x_wconf 86' lang='lat' dir='ltr'>fuit,</span> <span class='ocrx_word' id='word_1_214' title='bbox 279 2144 390 2200; x_wconf 91' lang='lat' dir='ltr'>quod</span> <span class='ocrx_word' id='word_1_215' title='bbox 420 2144 629 2199; x_wconf 84' lang='lat' dir='ltr'>Epicurus</span> <span class='ocrx_word' id='word_1_216' title='bbox 661 2144 876 2186; x_wconf 86' lang='lat' dir='ltr'>rhetorum</span> <span class='ocrx_word' id='word_1_217' title='bbox 908 2150 1019 2186; x_wconf 87' lang='lat' dir='ltr'>artes</span> <span class='ocrx_word' id='word_1_218' title='bbox 1051 2147 1347 2188; x_wconf 90' lang='lat' dir='ltr'>contemnebat</span> <span class='ocrx_word' id='word_1_219' title='bbox 1377 2162 1514 2203; x_wconf 90' lang='lat' dir='ltr'>neque</span> <span class='ocrx_word' id='word_1_220' title='bbox 1545 2149 1654 2204; x_wconf 85' lang='lat' dir='ltr'>parti</span> <span class='ocrx_word' id='word_1_221' title='bbox 1683 2149 1763 2190; x_wconf 88' lang='lat' dir='ltr'>for-</span> 
     </span>
     <span class='ocr_line' id='line_1_27' title="bbox 144 2221 1764 2279; baseline 0.004 -18"><span class='ocrx_word' id='word_1_222' title='bbox 144 2221 244 2262; x_wconf 88' lang='lat' dir='ltr'>mali</span> <span class='ocrx_word' id='word_1_223' title='bbox 289 2235 395 2277; x_wconf 88' lang='lat' dir='ltr'>quae</span> <span class='ocrx_word' id='word_1_224' title='bbox 437 2222 589 2263; x_wconf 90' lang='lat' dir='ltr'>dicitur</span> <span class='ocrx_word' id='word_1_225' title='bbox 629 2223 804 2277; x_wconf 87' lang='lat' dir='ltr'>logices,</span> <span class='ocrx_word' id='word_1_226' title='bbox 838 2223 988 2278; x_wconf 91' lang='lat' dir='ltr'>quibus</span> <span class='ocrx_word' id='word_1_227' title='bbox 1034 2225 1132 2265; x_wconf 89' lang='lat' dir='ltr'>solis</span> <span class='ocrx_word' id='word_1_228' title='bbox 1171 2225 1334 2265; x_wconf 87' lang='lat' dir='ltr'>Tullius</span> <span class='ocrx_word' id='word_1_229' title='bbox 1373 2226 1601 2279; x_wconf 76' lang='lat' dir='ltr'>excelluit,</span> <span class='ocrx_word' id='word_1_230' title='bbox 1650 2226 1764 2267; x_wconf 87' lang='lat' dir='ltr'>dedit</span> 
     </span>
     <span class='ocr_line' id='line_1_28' title="bbox 146 2299 1764 2360; baseline 0.004 -21"><span class='ocrx_word' id='word_1_231' title='bbox 146 2312 316 2353; x_wconf 89' lang='lat' dir='ltr'>operam</span> <span class='ocrx_word' id='word_1_232' title='bbox 337 2301 379 2353; x_wconf 86' lang='lat'>5).</span> <span class='ocrx_word' id='word_1_233' title='bbox 440 2299 609 2341; x_wconf 86' lang='lat' dir='ltr'>Revera</span> <span class='ocrx_word' id='word_1_234' title='bbox 641 2300 908 2342; x_wconf 86' lang='lat' dir='ltr'>difficultates</span> <span class='ocrx_word' id='word_1_235' title='bbox 939 2316 1041 2356; x_wconf 89' lang='lat' dir='ltr'>quas</span> <span class='ocrx_word' id='word_1_236' title='bbox 1072 2302 1262 2343; x_wconf 90' lang='lat' dir='ltr'>Platonis</span> <span class='ocrx_word' id='word_1_237' title='bbox 1284 2307 1326 2343; x_wconf 90' lang='lat' dir='ltr'>et</span> <span class='ocrx_word' id='word_1_238' title='bbox 1347 2303 1589 2344; x_wconf 87' lang='lat' dir='ltr'>Aristotelis</span> <span class='ocrx_word' id='word_1_239' title='bbox 1610 2305 1764 2360; x_wconf 85' lang='lat' dir='ltr'>scripta</span> 
     </span>
     <span class='ocr_line' id='line_1_29' title="bbox 146 2375 1764 2436; baseline 0.004 -20"><span class='ocrx_word' id='word_1_240' title='bbox 146 2375 430 2431; x_wconf 88' lang='lat' dir='ltr'>praebebant,</span> <span class='ocrx_word' id='word_1_241' title='bbox 463 2391 607 2418; x_wconf 90' lang='lat' dir='ltr'>omnes</span> <span class='ocrx_word' id='word_1_242' title='bbox 638 2377 820 2419; x_wconf 85' lang='lat' dir='ltr'>Romani</span> <span class='ocrx_word' id='word_1_243' title='bbox 852 2383 894 2419; x_wconf 85' lang='lat' dir='ltr'>et</span> <span class='ocrx_word' id='word_1_244' title='bbox 924 2379 1111 2433; x_wconf 91' lang='lat' dir='ltr'>ipsorum</span> <span class='ocrx_word' id='word_1_245' title='bbox 1133 2379 1393 2420; x_wconf 80' lang='lat' dir='ltr'>Graecorum</span> <span class='ocrx_word' id='word_1_246' title='bbox 1414 2395 1497 2421; x_wconf 91' lang='lat' dir='ltr'>non</span> <span class='ocrx_word' id='word_1_247' title='bbox 1518 2382 1641 2436; x_wconf 87' lang='lat' dir='ltr'>pauci</span> <span class='ocrx_word' id='word_1_248' title='bbox 1663 2382 1764 2423; x_wconf 88' lang='lat' dir='ltr'>effu-</span> 
     </span>
     <span class='ocr_line' id='line_1_30' title="bbox 147 2454 1765 2514; baseline 0.004 -20"><span class='ocrx_word' id='word_1_249' title='bbox 147 2457 324 2508; x_wconf 88' lang='lat' dir='ltr'>gerunt:</span> <span class='ocrx_word' id='word_1_250' title='bbox 362 2454 435 2495; x_wconf 87' lang='lat' dir='ltr'>sed</span> <span class='ocrx_word' id='word_1_251' title='bbox 466 2454 885 2496; x_wconf 83' lang='lat' dir='ltr'>animadvertendum</span> <span class='ocrx_word' id='word_1_252' title='bbox 917 2460 979 2497; x_wconf 88' lang='lat' dir='ltr'>est</span> <span class='ocrx_word' id='word_1_253' title='bbox 1009 2456 1359 2498; x_wconf 87' lang='lat' dir='ltr'>Academicorum</span> <span class='ocrx_word' id='word_1_254' title='bbox 1392 2462 1433 2498; x_wconf 94' lang='lat' dir='ltr'>et</span> <span class='ocrx_word' id='word_1_255' title='bbox 1462 2458 1765 2514; x_wconf 82' lang='lat' dir='ltr'>Peripatetico-</span> 
     </span>
     <span class='ocr_line' id='line_1_31' title="bbox 148 2531 1764 2593; baseline 0.004 -22"><span class='ocrx_word' id='word_1_256' title='bbox 148 2544 241 2571; x_wconf 87' lang='lat' dir='ltr'>rum</span> <span class='ocrx_word' id='word_1_257' title='bbox 271 2531 399 2572; x_wconf 86' lang='lat' dir='ltr'>libros</span> <span class='ocrx_word' id='word_1_258' title='bbox 429 2532 637 2587; x_wconf 89' lang='lat' dir='ltr'>imprimis</span> <span class='ocrx_word' id='word_1_259' title='bbox 669 2533 1007 2586; x_wconf 89' lang='lat' dir='ltr'>difficultatibus,</span> <span class='ocrx_word' id='word_1_260' title='bbox 1051 2548 1106 2575; x_wconf 82' lang='lat' dir='ltr'>ex</span> <span class='ocrx_word' id='word_1_261' title='bbox 1137 2535 1238 2593; x_wconf 44' lang='lat' dir='ltr'>antis</span> <span class='ocrx_word' id='word_1_262' title='bbox 1268 2535 1482 2576; x_wconf 79' lang='lat' dir='ltr'>vocabulis</span> <span class='ocrx_word' id='word_1_263' title='bbox 1515 2540 1557 2577; x_wconf 91' lang='lat' dir='ltr'>et</span> <span class='ocrx_word' id='word_1_264' title='bbox 1588 2537 1764 2591; x_wconf 89' lang='lat' dir='ltr'>argutiis</span> 
     </span>
    </p>
   </div>
   <div class='ocr_carea' id='block_1_3' title="bbox 1179 2616 1260 2640">
    <p class='ocr_par' dir='ltr' id='par_1_4' title="bbox 1179 2616 1260 2640">
     <span class='ocr_line' id='line_1_32' title="bbox 1179 2616 1260 2640; baseline 0 0"><span class='ocrx_word' id='word_1_265' title='bbox 1179 2616 1260 2640; x_wconf 49' lang='lat' dir='ltr'>§ff</span> 
     </span>
    </p>
   </div>
   <div class='ocr_carea' id='block_1_4' title="bbox 153 2642 376 2645">
    <p class='ocr_par' dir='ltr' id='par_1_5' title="bbox 153 2642 376 2645">
     <span class='ocr_line' id='line_1_33' title="bbox 153 2642 376 2645; baseline 0 0"><span class='ocrx_word' id='word_1_266' title='bbox 153 2642 376 2645; x_wconf 95' lang='lat' dir='ltr'> </span> 
     </span>
    </p>
   </div>
   <div class='ocr_carea' id='block_1_5' title="bbox 192 2702 629 2804">
    <p class='ocr_par' dir='ltr' id='par_1_6' title="bbox 192 2702 629 2804">
     <span class='ocr_line' id='line_1_34' title="bbox 193 2702 629 2743; baseline 0.002 -9"><span class='ocrx_word' id='word_1_267' title='bbox 193 2702 218 2743; x_wconf 89' lang='lat'>¹)</span> <span class='ocrx_word' id='word_1_268' title='bbox 263 2703 302 2734; x_wconf 88' lang='lat' dir='ltr'>de</span> <span class='ocrx_word' id='word_1_269' title='bbox 325 2702 434 2734; x_wconf 76' lang='lat' dir='ltr'>Finib.</span> <span class='ocrx_word' id='word_1_270' title='bbox 460 2702 488 2734; x_wconf 90' lang='grc' dir='ltr'>Ι.</span> <span class='ocrx_word' id='word_1_271' title='bbox 515 2703 553 2742; x_wconf 89' lang='grc'>7,</span> <span class='ocrx_word' id='word_1_272' title='bbox 579 2705 629 2735; x_wconf 87' lang='grc'>25.</span> 
     </span>
     <span class='ocr_line' id='line_1_35' title="bbox 192 2764 565 2804; baseline 0 -8"><span class='ocrx_word' id='word_1_273' title='bbox 192 2764 220 2804; x_wconf 84' lang='lat'>²)</span> <span class='ocrx_word' id='word_1_274' title='bbox 265 2765 360 2796; x_wconf 81' lang='lat' dir='ltr'>Tusc.</span> <span class='ocrx_word' id='word_1_275' title='bbox 387 2765 446 2796; x_wconf 88' lang='lat' dir='ltr'>IV.</span> <span class='ocrx_word' id='word_1_276' title='bbox 472 2768 511 2804; x_wconf 87' lang='lat'>3,</span> <span class='ocrx_word' id='word_1_277' title='bbox 536 2768 565 2797; x_wconf 92' lang='lat'>6.</span> 
     </span>
    </p>
   </div>
   <div class='ocr_carea' id='block_1_6' title="bbox 149 2828 1765 2933">
    <p class='ocr_par' dir='ltr' id='par_1_7' title="bbox 149 2828 1765 2933">
     <span class='ocr_line' id='line_1_36' title="bbox 192 2828 1765 2872; baseline 0.003 -13"><span class='ocrx_word' id='word_1_278' title='bbox 192 2828 219 2866; x_wconf 80' lang='grc'>3)</span> <span class='ocrx_word' id='word_1_279' title='bbox 265 2828 361 2860; x_wconf 87' lang='lat' dir='ltr'>Tusc.</span> <span class='ocrx_word' id='word_1_280' title='bbox 398 2828 447 2860; x_wconf 87' lang='grc' dir='ltr'>ΙΙ.</span> <span class='ocrx_word' id='word_1_281' title='bbox 483 2830 523 2867; x_wconf 89' lang='lat'>3,</span> <span class='ocrx_word' id='word_1_282' title='bbox 560 2829 726 2861; x_wconf 80' lang='lat' dir='ltr'>confessus</span> <span class='ocrx_word' id='word_1_283' title='bbox 761 2833 810 2862; x_wconf 84' lang='lat' dir='ltr'>est</span> <span class='ocrx_word' id='word_1_284' title='bbox 843 2841 876 2862; x_wconf 87' lang='lat' dir='ltr'>se</span> <span class='ocrx_word' id='word_1_285' title='bbox 912 2831 1149 2872; x_wconf 85' lang='lat' dir='ltr'>Epicureorum</span> <span class='ocrx_word' id='word_1_286' title='bbox 1183 2831 1340 2863; x_wconf 82' lang='lat' dir='ltr'>Amafinii</span> <span class='ocrx_word' id='word_1_287' title='bbox 1374 2835 1406 2863; x_wconf 85' lang='lat' dir='ltr'>et</span> <span class='ocrx_word' id='word_1_288' title='bbox 1429 2831 1557 2863; x_wconf 81' lang='lat' dir='ltr'>Rabirii</span> <span class='ocrx_word' id='word_1_289' title='bbox 1578 2831 1677 2864; x_wconf 85' lang='lat' dir='ltr'>libros</span> <span class='ocrx_word' id='word_1_290' title='bbox 1699 2843 1765 2864; x_wconf 86' lang='lat' dir='ltr'>non</span> 
     </span>
     <span class='ocr_line' id='line_1_37' title="bbox 149 2888 782 2933; baseline 0.006 -13"><span class='ocrx_word' id='word_1_291' title='bbox 149 2888 349 2930; x_wconf 79' lang='lat' dir='ltr'>inspexisse,</span> <span class='ocrx_word' id='word_1_292' title='bbox 373 2901 454 2932; x_wconf 83' lang='lat' dir='ltr'>quos</span> <span class='ocrx_word' id='word_1_293' title='bbox 476 2894 586 2923; x_wconf 83' lang='lat' dir='ltr'>tamen</span> <span class='ocrx_word' id='word_1_294' title='bbox 608 2891 782 2933; x_wconf 81' lang='lat' dir='ltr'>vituperat.</span> 
     </span>
    </p>
   </div>
   <div class='ocr_carea' id='block_1_7' title="bbox 193 2952 1765 3060">
    <p class='ocr_par' dir='ltr' id='par_1_8' title="bbox 193 2952 1765 3060">
     <span class='ocr_line' id='line_1_38' title="bbox 193 2952 514 2993; baseline 0.006 -10"><span class='ocrx_word' id='word_1_295' title='bbox 193 2952 220 2993; x_wconf 80' lang='lat'>⁴)</span> <span class='ocrx_word' id='word_1_296' title='bbox 265 2953 362 2984; x_wconf 87' lang='lat' dir='ltr'>Lucr.</span> <span class='ocrx_word' id='word_1_297' title='bbox 386 2953 415 2985; x_wconf 91' lang='grc' dir='ltr'>Ι.</span> <span class='ocrx_word' id='word_1_298' title='bbox 444 2956 514 2985; x_wconf 88' lang='lat'><strong>136.</strong></span> 
     </span>
     <span class='ocr_line' id='line_1_39' title="bbox 195 3015 1765 3060; baseline 0.002 -14"><span class='ocrx_word' id='word_1_299' title='bbox 195 3015 220 3056; x_wconf 81' lang='lat'>⁵)</span> <span class='ocrx_word' id='word_1_300' title='bbox 267 3015 359 3046; x_wconf 83' lang='lat' dir='ltr'>Brut.</span> <span class='ocrx_word' id='word_1_301' title='bbox 385 3018 444 3054; x_wconf 88' lang='lat'>35,</span> <span class='ocrx_word' id='word_1_302' title='bbox 471 3018 539 3047; x_wconf 87' lang='lat'>131.</span> <span class='ocrx_word' id='word_1_303' title='bbox 587 3017 683 3049; x_wconf 87' lang='lat' dir='ltr'>Tusc.</span> <span class='ocrx_word' id='word_1_304' title='bbox 708 3017 756 3049; x_wconf 84' lang='grc' dir='ltr'>ΙΙ.</span> <span class='ocrx_word' id='word_1_305' title='bbox 782 3020 825 3056; x_wconf 88' lang='lat'>3,</span> <span class='ocrx_word' id='word_1_306' title='bbox 850 3019 889 3057; x_wconf 82' lang='grc'>7,</span> <span class='ocrx_word' id='word_1_307' title='bbox 914 3021 943 3050; x_wconf 94' lang='grc'>8.</span> <span class='ocrx_word' id='word_1_308' title='bbox 989 3019 1028 3050; x_wconf 86' lang='lat' dir='ltr'>de</span> <span class='ocrx_word' id='word_1_309' title='bbox 1052 3018 1125 3050; x_wconf 81' lang='lat' dir='ltr'>Fin.</span> <span class='ocrx_word' id='word_1_310' title='bbox 1152 3019 1180 3050; x_wconf 86' lang='grc' dir='ltr'>Ι.</span> <span class='ocrx_word' id='word_1_311' title='bbox 1207 3021 1223 3052; x_wconf 81' lang='grc'>7</span> <span class='ocrx_word' id='word_1_312' title='bbox 1239 3044 1247 3058; x_wconf 85' lang='grc'><em>,</em></span> <span class='ocrx_word' id='word_1_313' title='bbox 1272 3022 1334 3058; x_wconf 90' lang='lat'>22,</span> <span class='ocrx_word' id='word_1_314' title='bbox 1360 3021 1410 3050; x_wconf 87' lang='lat'>26.</span> <span class='ocrx_word' id='word_1_315' title='bbox 1457 3019 1556 3050; x_wconf 86' lang='lat' dir='ltr'>Acad.</span> <span class='ocrx_word' id='word_1_316' title='bbox 1581 3022 1663 3060; x_wconf 81' lang='lat' dir='ltr'>post.</span> <span class='ocrx_word' id='word_1_317' title='bbox 1689 3019 1717 3051; x_wconf 93' lang='grc' dir='ltr'>Ι.</span> <span class='ocrx_word' id='word_1_318' title='bbox 1736 3021 1765 3050; x_wconf 85' lang='lat'>2.</span> 
     </span>
    </p>
   </div>
   <div class='ocr_carea' id='block_1_8' title="bbox 1520 3081 1567 3122">
    <p class='ocr_par' dir='ltr' id='par_1_9' title="bbox 1520 3081 1567 3122">
     <span class='ocr_line' id='line_1_40' title="bbox 1520 3081 1567 3122; baseline 0 -17"><span class='ocrx_word' id='word_1_319' title='bbox 1520 3081 1567 3122; x_wconf 77' lang='grc'>1*</span> 
     </span>
    </p>
   </div>
  </div>
 </body>
</html>
