1894 3235
904 163 955 202 97

112 292 286 333 tinctam
332 296 495 333 tantum
534 293 761 346 imaginem
795 308 1045 348 cognoscere
1078 296 1145 336 vel
1176 296 1393 351 percipere
1425 311 1605 351 possum.
1667 297 1727 338 At

113 382 207 408 cum
251 368 358 409 hanc
400 383 527 410 unam
568 369 795 423 imaginem
839 371 989 423 video,
1036 377 1210 426 possunt
1255 373 1396 427 plures
1440 373 1483 413 in
1531 387 1581 413 ea
1617 373 1725 414 ines-

112 459 183 498 se,
229 460 331 501 quas
367 446 552 500 singulas
587 447 920 488 animadvertere
966 463 1048 489 non
1086 463 1280 503 possum,
1329 450 1379 490 ob
1419 450 1594 491 eandem
1631 465 1726 491 cau-

111 537 226 575 sam,
259 538 340 578 qua
369 527 468 572 τοὺς
500 523 563 566 δια
592 524 728 580 λόγου
760 528 995 580 ὲεωρητοὺς
1028 528 1214 582 χρόνους
1246 527 1432 581 singulos
1452 542 1536 568 non
1557 542 1725 582 possum

110 601 339 656 percipere.
400 601 513 655 Ergo
559 602 592 641 si
635 602 678 642 in
720 616 862 643 somno
895 604 1162 644 simulacrum
1193 604 1400 660 quoddam
1431 605 1474 645 in
1505 619 1727 646 numerum

111 692 155 718 se
200 692 368 719 movere
414 679 560 732 video,
602 679 644 719 id
676 694 823 721 revera
854 695 937 721 non
969 690 1031 722 est
1061 696 1191 721 unum
1224 682 1493 723 simulacrum
1526 682 1599 723 sed
1631 687 1727 723 sunt

109 756 253 811 plura,
285 770 391 812 quae
423 756 500 796 sibi
531 757 714 797 Vicissim
746 758 995 810 succedunt,
1029 772 1134 813 quae
1167 764 1309 800 tamen
1343 760 1509 814 singula
1528 775 1613 801 non
1633 775 1726 816 pos-

111 847 201 873 sum
247 833 487 888 percipere:
535 833 683 874 horum
716 835 841 875 celeri
871 846 988 875 motu
1019 836 1065 875 fit
1096 845 1142 875 ut
1174 851 1304 877 unum
1337 837 1604 878 simulacrum
1635 852 1726 892 ges-

110 914 178 951 tus
222 916 385 951 muta-re
432 911 636 951 videatur.
670 936 722 940 ——
755 911 934 953 Omnino
966 919 1141 967 apparet
1172 914 1417 954 Lucretium
1450 914 1556 956 hanc
1590 916 1727 970 operis

109 993 272 1043 partem
303 1003 387 1029 11011
417 989 668 1043 perfecisse:
703 989 752 1030 de
785 991 1153 1045 anticipationibus
1185 999 1226 1032 et
1259 992 1309 1032 de
1343 993 1471 1033 animi
1502 993 1726 1034 iniectibus

110 1065 197 1106 sive
248 1065 470 1121 ἐπιβολαῖς
522 1067 560 1107 01
608 1067 829 1107 (110011(111111
881 1074 969 1108 0131
987 1070 1023 1121 ³).
1091 1069 1201 1109 Nam
1253 1069 1489 1124 προλήψεσι
1539 1071 1622 1111 11115
1672 1084 1728 1111 ex

108 1143 283 1198 Epicuri
327 1148 468 1184 mente
516 1145 721 1199 explicari
758 1150 897 1200 potest
932 1160 1084 1201 „quare
1116 1147 1226 1202 quod
1258 1147 1407 1202 cuique
1440 1147 1568 1188 libido
1600 1161 1726 1188 vene-

108 1221 190 1274 rit,
238 1222 450 1276 extemplo
496 1236 614 1263 mens
658 1223 812 1277 cogitet
860 1224 949 1264 eius
988 1224 1031 1264 id
1075 1225 1254 1279 ipsuns'.
1315 1224 1351 1264 E
1398 1239 1457 1264 vs.
1500 1226 1571 1265 73]
1612 1239 1724 1281 seqq.

109 1302 284 1353 apparet
329 1298 573 1339 Lucretium
615 1313 785 1340 censere
817 1300 869 1340 ad
898 1299 975 1340 hoc
1010 1300 1273 1341 efficiendum
1305 1301 1536 1342 simulacris
1569 1302 1726 1342 extrin-

109 1389 227 1416 secus
258 1376 384 1416 illatis
417 1390 520 1431 opus
552 1390 660 1430 esse,
694 1392 787 1418 cum
818 1382 960 1418 tamen
992 1377 1200 1433 Epicurus
1233 1378 1379 1419 doceat
1408 1378 1452 1418 in
1485 1378 1623 1419 animo
1653 1392 1726 1419 no-

109 1456 193 1494 stro
239 1453 392 1494 multas
421 1454 558 1495 inesse
600 1455 848 1509 καταλήψεις
880 1455 966 1495 sive
999 1455 1392 1510 comprehensiones
1424 1469 1590 1509 earum,
1624 1471 1726 1511 quas

108 1535 233 1571 antea
264 1531 455 1571 sensibus
476 1532 814 1586 perceperimuS,
846 1545 1011 1584 rerum,
1034 1546 1139 1587 quae
1162 1532 1402 1573 meminisse
1426 1533 1585 1574 volenti
1605 1533 1726 1574 facile

107 1621 151 1648 se
183 1608 332 1649 sistant
353 1610 398 1657 2).
459 1608 583 1649 Hanc
616 1608 666 1649 ob
699 1622 788 1649 rem
819 1609 1051 1664 προλήψεις
1082 1609 1726 1659 1101111113111καθολικὴννόησιν

107 1687 448 1739 ἐναποκειμένην,
480 1700 556 1741 per
587 1701 712 1742 quam
743 1701 887 1727 omnes
917 1688 1207 1742 perceptiones
1228 1701 1469 1742 compa-rare
1490 1701 1721 1742 possumus.

108 1763 230 1812 Quod
280 1779 374 1805 cum
425 1765 485 1806 ita
531 1765 602 1817 sit,
654 1765 782 1805 etiam
829 1766 1033 1820 explicari
1078 1771 1216 1820 potest
1258 1780 1330 1806 cur
1370 1780 1575 1821 nusquam
1612 1765 1728 1806 aliud

107 1842 291 1895 cogitare
337 1843 544 1897 possimus
592 1856 716 1897 quam
762 1842 828 1895 id,
877 1843 987 1898 quod
1018 1849 1142 1883 antea
1174 1843 1428 1896 viderimus,
1473 1844 1590 1884 cuius
1621 1844 1726 1885 anti-

107 1919 360 1974 cipationem
407 1933 505 1974 ergo
547 1919 804 1973 habeamus,
853 1924 925 1960 aut-
973 1933 1047 1973 ea,
1095 1934 1201 1975 quae
1249 1934 1271 1961 e
1313 1921 1605 1961 coniunctione
1636 1921 1727 1976 plu-

106 1997 216 2038 rium
233 1998 580 2052 anticipationum
608 1997 784 2038 formata
812 1998 905 2038 sint.
938 1998 1003 2038 Re
1021 2011 1121 2038 vera
1138 2002 1227 2038 tum
1247 2012 1389 2038 rursus
1407 1999 1551 2053 quaeri
1567 2003 1726 2054 potest,

107 2088 181 2116 cur
227 2075 309 2116 3113
351 2075 548 2129 cogitatio
594 2076 734 2130 potius
775 2076 931 2116 oriatur
968 2090 1091 2130 quam
1124 2076 1226 2116 alia:
1280 2076 1352 2116 sed
1383 2076 1486 2117 haec
1519 2077 1726 2132 quaestio,

108 2153 187 2194 etsi
227 2167 302 2208 per
343 2153 574 2194 doctrinam
615 2153 933 2194 consociationis
974 2153 1185 2206 idearum,
1218 2167 1324 2209 quae
1367 2153 1540 2207 dicitur,
1572 2155 1726 2210 partim

107 2231 309 2284 solvitur,
353 2236 498 2274 tamen
544 2231 712 2271 omnino
743 2231 878 2272 adhuc
909 2230 1144 2271 insolubilis
1177 2237 1251 2271 est.
1311 2231 1393 2272 Illa
1423 2236 1566 2272 autem
1596 2232 1726 2273 animi

108 2309 345 2361 contentio,
392 2322 474 2363 qua
505 2307 558 2348 ad
589 2309 714 2349 aliam
746 2309 1063 2363 praenotionem
1094 2309 1233 2363 potius
1265 2323 1308 2350 se
1341 2309 1486 2363 dirigit
1517 2324 1642 2365 quam
1674 2310 1727 2351 ad

107 2387 260 2440 aliam,
302 2387 354 2428 ab
396 2387 579 2442 Epicuro
627 2385 808 2442 ἐπιβολὴ
850 2395 922 2436 τῆς
955 2386 1140 2436 διανοίας
1172 2388 1260 2428 sive
1292 2388 1419 2428 animi
1450 2388 1629 2428 intuitus
1659 2388 1727 2428 vel

106 2465 286 2506 iniectus
315 2469 490 2505 vocatur
511 2466 540 2516 2)
573 2479 668 2506 cum
698 2465 910 2505 interdum
941 2466 1056 2520 ipsae
1090 2465 1394 2519 cogitationes,
1428 2480 1531 2521 quas
1563 2466 1726 2507 animus

108 2543 313 2598 concipit,
348 2542 495 2583 eodem
525 2542 694 2583 nomine
727 2543 1027 2597 significentur.
1061 2543 1248 2591 Quarum
1279 2543 1323 2583 in
1353 2557 1528 2584 numero
1560 2557 1726 2599 quoque

151 2773 177 2808 ¹)
222 2773 265 2805 V.
303 2775 362 2804 182
395 2774 544 2812 „notities
579 2774 737 2807 hominum
771 2772 820 2804 dis
842 2773 929 2804 unde
952 2775 1002 2804 est
1022 2771 1122 2804 insita
1143 2771 1284 2812 primum
1298 2772 1329 2811 ‚’'
1366 2772 1501 2803 fortasse
1525 2774 1650 2803 notities
1673 2771 1726 2804 hic

107 2840 263 2877 usurpata
285 2840 334 2868 est
354 2846 412 2876 pro
436 2835 638 2877 προλήψεσι.

151 2900 175 2938 ²)
221 2900 340 2932 Modus
373 2909 438 2940 quo
469 2899 594 2930 utimur
616 2898 902 2939 anticipationibus
925 2897 1076 2939 cognosci
1098 2901 1204 2938 potest
1227 2908 1266 2928 ex
1289 2897 1350 2929 hoc
1371 2897 1442 2929 loco
1466 2898 1507 2928 D.
1532 2897 1570 2928 L.
1594 2897 1638 2929 X.
1663 2899 1703 2929 33
1717 2921 1725 2936 ,

108 2961 167 2994 ubi
195 2965 367 3004 postquam
397 2961 476 3003 quid
504 2961 570 2993 sint
597 2960 845 3001 anticipationes
878 2960 924 2992 sic
956 2960 1083 3002 pergit:
1121 2961 1189 3002 ἅμα
1219 2962 1282 3002 γὰρ
1306 2962 1354 3001 τῷ
1376 2959 1522 3001 ῥηθῆναι
1543 2961 1726 3002 ἄνθρωπος

109 3026 208 3062 εὐθὺς
232 3026 318 3056 κατὰ
341 3023 515 3066 πρόληψιν
539 3025 591 3055 καὶ
615 3025 631 3056 ὁ
656 3022 763 3061 τύπος
786 3024 893 3055 αὑτοῦ
917 3026 1043 3056 νοεῖται
1072 3023 1332 3065 προηγουμένων
1356 3026 1423 3055 τῶν
1447 3022 1643 3062 αἰσθήσεων.

1472 3086 1494 3126 7
