1894 3235
852 154 931 195 139

90 287 129 331 δὲ
177 290 336 343 φύσεως
384 290 518 343 ὑγρᾶς·
563 290 743 339 μάλιστα
781 289 1048 344 μετειληφότα
1094 289 1201 340 πρὸς
1246 288 1322 328 τὸν
1355 288 1532 339 ὁμογενῆ
1564 284 1697 324 τόπον

89 363 357 419 συνδραμεῖν,
391 367 677 415 ὀνομασθέντα
709 365 852 406 πλωτά
894 397 902 406 .
934 367 1008 414 τὴν
1041 363 1080 407 δὲ
1113 372 1192 418 γῆν
1224 364 1281 406 ἀεὶ
1312 362 1479 415 μᾶλλον
1513 378 1697 413 στερεου-

87 444 212 494 μένην
258 443 340 482 ὑπό
379 460 420 483 τε
466 447 538 482 τοῦ
582 445 669 496 περὶ
711 444 784 483 τὸν
819 442 937 490 ἥλιον
968 443 1101 496 πυρὸς
1133 444 1308 482 καὶτῶν
1339 439 1603 491 πνευμάτων,
1650 437 1696 477 τὸ

86 519 319 560 τελευταῖον
363 521 496 571 μηκέτι
542 517 742 560 &nvnc-&cu
784 518 907 569 μηδὲν
949 524 1032 560 τῶν
1062 518 1263 570 μειζόνων
1296 515 1409 567 (800)
1441 515 1698 569 ζωογονεῖν,

87 595 185 638 ἀλλ’
216 599 257 637 ἐκ
286 602 359 643 τῆς
390 596 496 649 πρὸς
529 595 697 644 ἄλληλα
729 595 876 648 μίξεως
908 598 1050 637 ἕκαστα
1082 597 1309 650 γεννῖισὲαι
1340 597 1422 634 τῶν
1454 593 1651 646 ἐμψύχων
1689 603 1697 611 ·

88 673 186 714 ἔοικε
231 671 270 714 δὲ
302 676 389 727 περὶ
422 679 493 720 τῆς
525 677 606 713 τῶν
639 672 753 713 ὅλων
786 675 946 727 φύσεως
979 670 1065 713 οὐδ’
1100 670 1324 726 Εὐριπῖδης
1356 668 1573 724 διαφωνεῖν
1610 673 1700 714 τοῖς

88 752 420 804 προειρημένοις,
468 752 653 801 μαθητὴς
697 750 754 791 ὢν
787 749 1076 805 Ἀναξαγόρου
1109 753 1182 790 τοῦ
1216 752 1389 804 φυσικοῦ
1424 778 1432 786 .
1465 748 1506 787 ἐν
1538 746 1619 800 γὰρ
1651 747 1700 798 τῇ

91 828 342 883 Μελανίππῃ
373 830 537 876 τίὲησιν
570 828 725 875 οὕτως·

373 905 427 955 ὡς
461 905 642 959 οὐρανός
674 923 712 945 τε
745 906 844 959 γαῖά
875 905 908 945 τ’
940 909 989 953 ἦν
1019 906 1157 959 μορφὴ
1188 907 1257 956 μία
1284 937 1291 944 .

375 984 453 1023 ἐπεὶ
489 980 833 1037 δ’ἐχωρῖσὲησαν
865 982 1069 1030 ἀλλήλων
1101 980 1222 1037 δίχα,

371 1062 551 1100 τίκτουσι
582 1060 717 1101 πάντα
750 1058 981 1101 κάνέδωκαν
1015 1061 1071 1106 εἰς
1103 1061 1238 1113 φάος,

376 1134 546 1191 δένδρη,
578 1137 735 1177 πετεινά
754 1168 764 1185 ,
797 1139 956 1188 θῆρας,
992 1134 1067 1183 οὓς
1098 1135 1137 1176 57⁷
1171 1134 1280 1186 ἅλμη
1311 1136 1442 1189 τρέφει
1463 1167 1470 1180 ,

375 1217 498 1270 γένος
529 1233 569 1255 τε
602 1217 783 1263 θνητῶν.

144 1292 264 1333 Haec
297 1291 493 1347 quoniam
517 1292 672 1346 optime
695 1291 969 1331 Lucretianos
992 1303 1135 1330 versus
1155 1289 1388 1342 illustrant,
1420 1289 1553 1329 multa
1575 1289 1701 1329 etiam

89 1370 325 1412 distinctius
377 1369 593 1422 referunt,
626 1373 714 1409 tota
759 1368 1130 1423 transscripsimus
1162 1367 1369 1408 Diodorus
1399 1367 1544 1422 procul
1577 1366 1702 1406 dubio

89 1461 144 1488 ex
174 1447 346 1503 Epicuri
379 1447 463 1500 (vel
493 1446 752 1494 Democriti,
786 1460 807 1486 e.
840 1460 920 1501 quo
952 1445 1159 1500 Epiciu‘us
1180 1459 1254 1485 sua
1276 1445 1515 1499 sumpserit)
1540 1444 1703 1498 scriptis

88 1524 240 1566 hausit.
301 1525 417 1565 Dicit
461 1524 574 1564 enim
621 1524 664 1564 in
710 1524 845 1578 capite
892 1523 1199 1578 praecedente:
1249 1525 1287 1564 οἱ
1335 1521 1374 1565 δὲ
1407 1523 1608 1576 γεννητὸν
1641 1524 1703 1563 καὶ

90 1604 278 1659 φθαρτὸν
310 1603 409 1644 εἶναι
442 1605 687 1654 νομίσαντες
720 1604 808 1653 (τὸν
840 1595 1010 1655 κόσμον)
1044 1602 1199 1657 ἐ’φησαν
1233 1605 1384 1654 ὁμοίως
1418 1604 1585 1649 ἐκείνοις·
1606 1603 1705 1649 τοὺς

89 1681 343 1734 ἀνθρώπους
386 1687 528 1736 τυχεῖν
560 1687 631 1728 τῆς
662 1682 829 1735 πρώτης
862 1682 1058 1734 γενέσεως
1091 1681 1333 1735 ὡρισμένοις
1366 1680 1568 1734 χρόνοιςῑ
1616 1682 1705 1718 tum

90 1762 321 1813 sequuntur
366 1758 495 1798 verba
534 1757 716 1798 laudata.
779 1757 899 1805 Quod
940 1757 973 1797 si
1020 1757 1104 1797 iam
1151 1756 1399 1808 addubitas,
1447 1769 1543 1796 ecce
1590 1755 1706 1795 locus

91 1835 308 1877 Censorini
332 1836 388 1888 ¹),
434 1835 504 1890 qui
550 1835 719 1875 nomine
765 1835 907 1875 laudat
954 1835 1211 1889 Epicurum:
1268 1848 1368 1886 „nec
1416 1834 1539 1887 longe
1587 1847 1706 1873 secus

95 1913 340 1968 „Epicurus
400 1913 442 1953 Is
484 1913 595 1953 enim
641 1912 817 1953 credidit
848 1913 946 1953 limo
979 1912 1199 1953 calefactos
1229 1916 1371 1953 uteros
1402 1912 1542 1952 nescio
1574 1925 1705 1966 (11103,

95 1990 328 2043 „radicibus
359 1994 494 2030 terrae
527 1974 799 2031 cohaerentes
831 1990 1013 2045 primum
1044 1989 1298 2043 increvisse,
1331 1993 1372 2030 et
1401 1988 1629 2030 infantibus
1652 2002 1707 2029 ex

96 2083 164 2121 „se
210 2068 333 2109 editis
377 2068 613 2122 ingenitum
659 2068 778 2108 lactis
825 2068 1045 2109 humorem
1090 2072 1242 2108 natura
1284 2067 1548 2108 ministrante
1589 2080 1707 2122 prae-

95 2144 282 2198 „buisse:
317 2159 418 2200 quos
450 2145 509 2185 ita
541 2144 738 2185 educatos
771 2150 813 2185 et
835 2145 999 2185 adultos
1022 2158 1154 2199 genus
1176 2144 1392 2185 hominum
1414 2143 1707 2199 propagasse.'’

91 2208 283 2277 Denique
328 2222 574 2263 Lactantius
591 2220 618 2274 2)
667 2235 736 2262 eos
767 2236 910 2262 versus
942 2222 1115 2262 laudans
1139 2221 1279 2262 addit:
1333 2221 1470 2274 „illius
1503 2221 1706 2276 (Epicuri)

95 2301 231 2353 „enim
263 2304 359 2341 sunt
390 2300 556 2353 omnia,
588 2313 694 2355 quae
727 2299 875 2341 delirat
906 2299 1170 2340 Lucretius.”

149 2378 285 2434 Supra
314 2393 372 2419 vs.
408 2379 486 2419 799
519 2382 643 2432 poeta
674 2378 758 2418 iam
791 2377 898 2417 dixit
929 2391 1012 2418 non
1044 2391 1133 2418 esse
1168 2377 1348 2430 mirum,
1381 2377 1443 2429 si,
1476 2391 1583 2417 nova
1613 2389 1708 2417 cum

93 2456 231 2497 omnia
275 2460 436 2508 essent,
482 2456 615 2496 multo
663 2470 789 2510 quam
831 2470 939 2496 nunc
981 2455 1139 2496 maiora
1170 2455 1327 2495 creavit
1359 2454 1553 2495 animalia
1584 2458 1707 2494 terra.

93 2533 168 2574 Vs.
192 2535 272 2574 837
295 2547 407 2588 seqq.
431 2533 610 2588 amplius
635 2533 685 2574 de
709 2533 787 2575 hoc
808 2535 899 2575 loco
923 2533 1022 2588 agit.
1060 2534 1303 2589 „Multaque
1324 2536 1415 2573 tum
1437 2532 1561 2573 tellus
1582 2531 1710 2572 etiam

97 2615 314 2666 „portenta
358 2625 499 2652 creare
546 2616 737 2652 conatast
768 2612 875 2652 mira
904 2612 1009 2652 facie
1040 2611 1320 2666 membrisque
1352 2614 1517 2663 coorta,
1563 2609 1710 2650 andro-

98 2703 308 2744 „gynum,
349 2689 639 2743 interutraque
671 2703 749 2729 nec
782 2694 950 2742 utrum,
992 2689 1202 2744 utrimque
1238 2692 1472 2740 remotum,
1506 2687 1606 2727 orba
1640 2700 1710 2741 pe-

97 2766 222 2819 „dum
262 2766 443 2821 partim,
489 2780 689 2807 manuum
724 2766 899 2808 viduata
934 2767 1144 2820 vicissim,
1188 2771 1305 2807 muta
1336 2766 1424 2806 sine
1457 2778 1526 2806 ore
1558 2764 1714 2817 etiam,

139 2939 161 2978 ¹)
207 2939 256 2970 De
280 2939 331 2971 die
353 2939 476 2978 natali,
501 2950 568 2980 cap.
595 2942 623 2970 2.

135 3001 161 3043 2)
209 3001 258 3033 De
281 3001 358 3042 opif.
384 3001 468 3041 Dei,
493 3013 519 3033 c.
545 3005 573 3033 6.
