1894 3235
858 142 905 181 11

82 276 157 313 est.
218 273 334 314 Luce
380 272 491 313 enim
538 276 600 314 est
646 273 796 314 clarius
827 273 1088 329 Epicurum,
1131 274 1207 316 etsi
1240 288 1283 316 se
1314 275 1447 316 ullum
1477 279 1690 317 auctorem

82 353 271 391 secutum
303 364 393 391 esse
438 350 610 405 negavit
630 351 660 403 ¹)
709 354 750 391 et
781 351 1053 392 Aristotelem
1095 352 1260 394 ἄσωτον
1292 354 1584 408 καταφαγόντα
1615 355 1690 402 τὴν

80 427 275 484 πατρῴαν
307 429 455 470 οὐσίαν
487 430 776 482 στρατεύεσθαι
814 433 875 471 καὶ
911 429 1258 485 φαρμακοπωλεῖν
1291 429 1398 470 dixit
1416 430 1473 483 2),
1506 429 1584 470 Sibi
1619 444 1694 470 sua

80 506 189 547 bona
229 507 501 559 assumsisse,
544 506 615 547 ubi
657 520 706 547 ea
753 507 990 560 inveniret,
1038 512 1085 548 ut
1132 506 1209 548 hoc
1255 507 1404 561 adagio
1451 510 1558 547 utar.
1636 506 1692 548 Et

81 597 175 624 cum
206 598 410 639 nusquam
442 584 664 625 Lucretius
694 584 935 625 Aristotelis
966 585 1225 625 mentionem
1257 585 1405 626 fecerit
1438 588 1479 625 et
1511 598 1533 625 e
1565 585 1693 639 pluri-

80 660 156 701 bus
206 661 371 702 indiciis
421 666 620 716 appareat
667 676 762 703 eum
811 662 1036 717 Stagiritae
1083 663 1279 717 operibus
1323 662 1482 703 nullam
1523 676 1692 717 operam

81 737 271 792 dedisse,
321 753 414 780 cum
461 739 511 780 ab
558 739 647 780 eius
693 740 862 794 ingenio
909 754 1076 795 prorsus
1109 744 1247 780 essent
1279 741 1444 793 aliena,
1490 739 1694 780 eiusmodi

79 816 160 857 loci
191 830 379 873 quoque,
412 832 514 873 quos
546 831 600 858 ex
631 818 872 859 Aristotelis
904 819 1068 873 scriptis
1098 822 1145 858 ut
1177 832 1271 858 cum
1295 818 1485 859 Lucretii
1507 817 1695 858 doctrina

80 893 346 935 conferantur
390 894 634 948 laudamus,
683 895 802 936 nobis
832 910 857 936 a
887 899 1012 950 poeta
1042 909 1097 935 ex
1127 899 1226 935 noto
1259 899 1300 936 et
1333 895 1488 936 celebri
1521 894 1693 950 Epicuri

78 970 192 1011 fonte
241 971 380 1012 hausti
432 986 522 1013 esse
571 973 777 1013 videntur.
840 973 1043 1014 Attamen
1084 972 1233 1013 horum
1273 973 1458 1014 locorum
1495 985 1694 1014 numerus

78 1051 142 1088 est
172 1048 381 1088 minimus.
444 1049 641 1104 Plerique
673 1049 753 1090 loci
784 1064 885 1105 quos
918 1064 972 1091 ex
1005 1050 1236 1091 Aristotele
1270 1049 1508 1103 laudamus,
1540 1049 1694 1091 Demo-

79 1125 172 1165 criti
204 1129 245 1166 et
277 1126 483 1181 Leucippi
513 1127 669 1181 placita
703 1127 902 1168 referunt.

134 1202 343 1258 Epicurus
388 1205 430 1244 in
476 1205 611 1259 prima
656 1209 774 1259 parte
817 1205 953 1260 operis
985 1209 1073 1261 περὶ
1108 1208 1297 1261 φύσεως,
1329 1209 1376 1245 ut
1406 1205 1449 1245 in
1482 1204 1693 1259 epistolis,

79 1282 280 1323 nonnulla
309 1283 551 1338 praemisit,
599 1296 704 1338 quae
752 1282 804 1323 ad
851 1283 1093 1324 canonicam
1128 1284 1217 1324 sive
1250 1283 1427 1337 logicam
1462 1282 1693 1323 doctrinam

77 1359 312 1414 pertinent:
361 1359 410 1400 de
457 1359 681 1400 verborum
722 1374 820 1401 vera
852 1360 1179 1414 significatione,
1212 1374 1265 1400 ne
1297 1360 1340 1400 in
1372 1359 1693 1414 ambiguitatem

78 1436 330 1489 incidamus,
365 1441 407 1477 et
439 1437 488 1478 de
511 1437 688 1478 criteriis
710 1441 769 1490 ut,
802 1437 902 1493 quid
922 1451 1069 1478 verum
1092 1437 1162 1489 sit,
1192 1437 1448 1491 investigare
1471 1436 1691 1491 possimus.

79 1514 284 1562 Quoniam
317 1515 428 1555 enim
459 1516 502 1555 in
534 1519 734 1570 sequente
766 1519 885 1570 parte
917 1515 1053 1570 operis
1086 1514 1136 1555 de
1167 1514 1344 1563 ἀδήλοις
1367 1514 1553 1555 dicturus
1580 1517 1692 1567 erat,

77 1605 247 1632 necesse
304 1592 342 1632 ei
389 1593 525 1633 visum
582 1597 644 1633 est
691 1593 873 1648 primum
921 1592 1058 1633 dicere
1106 1593 1223 1648 quasi
1271 1592 1542 1633 fundamento
1590 1605 1694 1646 opus

79 1684 194 1723 esse,
242 1685 322 1726 quo
355 1671 494 1711 omnia
535 1684 641 1726 quae
674 1674 942 1726 quaerantur,
986 1671 1036 1711 de
1068 1670 1219 1726 quibus
1251 1670 1539 1724 ambigamus,
1587 1683 1693 1725 quae

79 1748 320 1803 opinemur,
377 1748 523 1789 referri
571 1749 730 1803 possint
763 1747 804 1802 ³).
877 1748 1342 1822 Hocssfuffdffmfnmm
1399 1748 1438 1788 ei
1490 1751 1553 1788 est
1602 1761 1694 1787 sen—

81 1839 202 1866 suum
233 1826 470 1867 auctoritas.
534 1826 749 1874 Quomodo
781 1831 924 1868 autem
955 1806 1413 1868 habeis-‘undamentum
1444 1839 1534 1866 esse
1565 1825 1695 1880 possit

77 1907 171 1959 post
202 1902 431 1944 doctrinam
465 1903 515 1944 de
547 1903 778 1944 simulacris
809 1904 1019 1958 ostendit,
1052 1904 1222 1959 itaque,
1255 1903 1452 1959 quoniam
1483 1906 1572 1943 tota
1603 1902 1693 1943 eius

79 1979 344 2036 philosophia
374 1981 417 2021 in
463 1980 636 2036 physica
679 1981 867 2022 doctrina
912 1982 1084 2034 nititur,
1128 1981 1246 2037 quasi
1291 1981 1334 2021 in
1381 1981 1582 2022 circulum
1613 1979 1690 2020 cir-

80 2058 237 2099 cumire
284 2059 460 2113 cogitur,
505 2059 824 2100 fundamentum
871 2060 948 2100 toti
981 2059 1193 2100 doctrinae
1232 2059 1440 2100 subiciens
1470 2058 1535 2111 id,
1581 2056 1690 2113 quod

79 2137 171 2192 ipsa
216 2137 383 2178 demum
430 2136 617 2178 doctrina
662 2137 934 2178 demonstrari
976 2142 1114 2192 potest
1147 2151 1293 2178 verum
1325 2150 1415 2177 esse
1446 2135 1690 2176 fundamen-

79 2217 182 2254 tum.
243 2213 493 2266 Lucretius,
526 2214 597 2269 qui
627 2214 670 2254 in
702 2214 832 2255 solam
860 2213 1058 2269 physicae
1081 2214 1313 2255 doctrinam
1334 2213 1551 2267 incubuit,
1583 2211 1691 2253 hanc

79 2292 257 2347 primam
301 2296 464 2348 partem
505 2292 644 2333 omisit
691 2297 733 2333 et
779 2306 884 2348 quae
932 2292 982 2333 de
1030 2293 1227 2333 canonica
1274 2292 1458 2333 docenda
1499 2295 1617 2332 erant
1647 2291 1689 2331 in

82 2369 234 2410 librum
266 2374 460 2425 quartum
483 2370 683 2423 inseruit,
716 2384 796 2425 quo
817 2384 960 2410 rursus
984 2370 1139 2410 factum
1161 2374 1243 2423 est,
1274 2374 1321 2410 ut
1341 2369 1474 2410 multa
1493 2369 1537 2409 in
1557 2368 1690 2408 tribus

79 2447 287 2502 prioribus
318 2448 434 2488 libris
467 2448 619 2502 scripta
650 2452 796 2503 quarto
829 2448 996 2488 demum
1027 2448 1133 2488 libro
1154 2448 1340 2503 perlecto
1361 2447 1469 2488 bene
1499 2446 1690 2500 intellegi

81 2525 253 2580 possint.
301 2525 442 2565 Etiam
479 2525 511 2565 si
540 2529 705 2581 tempus
728 2526 765 2566 ei
789 2526 932 2566 datum
955 2530 1064 2566 esset
1086 2540 1188 2580 opus
1210 2524 1484 2577 retractandi,
1516 2524 1689 2564 fortasse

81 2607 222 2644 tamen
252 2603 331 2644 hoc
362 2603 511 2643 vitium
544 2617 627 2643 non
659 2603 944 2656 emendasset,
987 2603 1085 2658 quia
1116 2617 1210 2644 cum
1241 2607 1329 2643 tota
1360 2603 1497 2658 operis
1527 2602 1689 2642 ratione

82 2681 142 2722 ita
172 2685 234 2722 est
266 2681 556 2733 coniunctum,
588 2685 634 2722 ut
664 2682 737 2722 vix
769 2681 982 2723 emendari
1009 2681 1150 2737 possit.

126 2885 148 2921 1)
194 2865 235 2916 D'.
261 2884 452 2923 L.x,13.

126 2947 151 2988 2)
200 2947 240 2978 D.
265 2946 434 2984 L.X‚8.

123 3008 149 3051 3)
202 3009 242 3041 D.
266 3008 459 3049 L.x,38.
