1894 3235
898 149 951 189 65

114 284 260 339 ἐάνπερ
294 281 458 339 διαμένῃ
488 284 534 324 τὸ
569 281 643 331 ὀξὺ
676 284 774 324 κατὰ
807 285 881 332 τὴν
914 283 1106 332 αἴσθησιν
1139 281 1284 336 (408),
1319 282 1418 324 ἀλλ’
1442 283 1511 324 ἐὰν
1535 286 1598 325 καὶ
1624 283 1726 332 αὕτη

116 359 397 409 Ξυναπόληται
437 364 510 402 τοῦ
557 360 836 415 στεγάζοντος
883 360 1085 412 λυθέντος
1127 360 1199 401 εἴθ’
1243 360 1347 402 ὅλου
1379 359 1451 401 εἴτε
1485 363 1547 402 καὶ
1577 362 1728 414 μέρους

115 438 229 485 τινός
263 449 271 457 ·
304 437 350 478 τὸ
398 435 437 478 δὲ
480 436 632 478 λοιπὸν
679 437 885 491 ἄθροισμα
928 435 1117 490 διαμένον
1149 440 1212 479 καὶ
1245 437 1351 478 ὅλον
1383 439 1446 478 καὶ
1479 437 1577 478 κατὰ
1608 439 1731 491 μέρος

116 515 191 556 οὐκ
232 514 313 569 ἕχει
359 515 434 562 τὴν
477 514 694 563 α’ίσιῖῖησιν,
743 516 894 555 ἐκείνου
933 514 1257 570 ἀπηλλαγμένου
1309 517 1413 557 ὅσον
1443 516 1542 556 ποτέ
1573 515 1731 556 ἔστιτὸ

119 598 335 634 συντεῖνον
357 595 440 632 τῶν
463 591 628 643 ἀτόμων
653 591 820 639 πλῆἓός
843 595 899 640 εἷς
921 594 996 640 τὴν
1016 600 1088 643 τῆς
1111 594 1251 647 ψυχῆς
1272 595 1395 647 φύσιν
1414 593 1490 646 (VS-
1509 590 1729 645 596-416).

174 668 399 709 Omisimus
417 672 558 708 autem
573 682 632 708 13.
647 670 894 721 3ῖΟ-396,
914 669 1062 724 quibus
1075 669 1304 709 Democriti
1328 670 1557 710 doctrinam
1579 669 1733 710 refutat

117 750 254 801 poeta.
301 746 700 787 Animadvertamus
734 747 938 801 imprimis
967 747 1255 787 Democritum
1284 747 1334 788 ab
1357 747 1577 802 Epicureis
1599 747 1733 788 refelli

118 825 189 865 ubi
214 825 502 881 opportunitas
534 825 666 866 datur.
729 825 865 867 Causa
897 839 968 865 cur
998 824 1075 865 1100
1098 825 1272 866 fecerint
1296 825 1394 866 satis
1417 826 1637 880 perspicua
1659 828 1733 865 est.

119 902 209 950 Quo
250 903 383 956 magis
425 902 536 943 enim
577 903 750 957 patebat
794 903 965 957 Epicuri
1012 902 1227 957 physicam
1274 902 1505 944 doctrinam
1551 907 1681 943 totam
1712 916 1736 942 a

118 980 359 1021 Democrito
392 994 482 1021 esse
514 985 721 1033 sumtam,
754 994 802 1021 eo
834 981 928 1035 plus
960 994 1110 1035 operae
1143 980 1256 1021 dedit
1287 985 1334 1021 ut
1355 980 1433 1022 hoc
1456 981 1628 1034 celaret,
1660 981 1735 1020 im-

118 1058 263 1113 primis
309 1072 359 1098 ea
406 1057 670 1110 extollendo,
714 1058 863 1113 quibus
903 1058 955 1098 ab
986 1058 1057 1098 1110
1091 1058 1351 1113 discrepabat
1383 1063 1507 1114 atque
1545 1059 1736 1113 petulan-

119 1140 183 1176 ter
228 1136 272 1176 in
314 1150 409 1176 eum
440 1135 676 1176 invehendo
714 1137 995 1191 (Δημόκριτον
1028 1138 1285 1192 Ληρόκριτον
1316 1136 1369 1176 D.
1402 1137 1449 1176 L.
1483 1136 1536 1177 X.
1572 1138 1628 1190 8).
1669 1136 1736 1177 Sic

120 1214 344 1254 Lucretius
377 1228 539 1269 quoque
571 1214 681 1253 inter
710 1227 880 1266 omnes,
914 1228 1015 1268 quos
1046 1214 1227 1266 refutat,
1260 1213 1551 1269 philosophos,
1583 1214 1736 1255 Demo-

122 1291 273 1331 critum
307 1291 550 1345 saepissime
582 1290 749 1330 nomine
781 1290 964 1343 indicat,
998 1294 1043 1330 ut
1074 1291 1319 1344 magistrum
1343 1305 1460 1331 suam
1485 1291 1737 1345 doctrinam,

119 1382 203 1408 non
244 1382 268 1408 a
313 1368 553 1408 Democrito
596 1372 802 1420 sumtam,
844 1367 1039 1409 habuisse
1075 1368 1278 1409 ostendat.
1341 1369 1565 1410 Omisimus
1596 1374 1736 1410 autem

121 1459 191 1486 eos
222 1459 367 1486 versus
400 1446 595 1501 quoniam
626 1445 746 1485 nobis
777 1445 972 1485 videntur
1001 1460 1083 1485 non
1115 1460 1188 1486 suo
1218 1446 1308 1487 loco
1341 1447 1483 1502 scripti
1516 1461 1618 1488 esse.
1662 1447 1737 1488 Ait

122 1524 234 1564 enim
265 1527 391 1579 poeta
421 1524 568 1564 falsam
600 1537 688 1563 esse
711 1523 942 1564 Democriti
965 1524 1239 1576 sententiam,
1263 1538 1357 1564 cum
1383 1525 1590 1580 „corporis
1612 1529 1736 1580 atque

121 1602 249 1643 animi
293 1601 546 1656 primordia,
596 1601 759 1655 singula
804 1601 934 1655 privis
980 1601 1196 1656 adposita,
1244 1602 1414 1642 alternis
1455 1604 1644 1656 variare,
1690 1617 1737 1644 ac

121 1684 289 1720 nectere
322 1679 521 1720 nembra''
554 1683 675 1734 putet
695 1678 730 1731 ¹).
762 1679 871 1719 Nam
902 1679 1128 1734 primordia
1159 1679 1285 1720 animi
1307 1680 1438 1720 multo
1461 1680 1622 1721 minora
1645 1695 1738 1721 cum

123 1756 206 1796 sint
237 1770 361 1811 quam
391 1756 597 1811 corporis,
645 1756 771 1796 etiam
802 1756 998 1810 pauciora
1029 1760 1152 1809 sunt,
1192 1756 1302 1812 quod
1332 1757 1428 1797 inde
1461 1758 1543 1798 iam
1565 1762 1735 1812 pateat,

120 1833 229 1889 quod
269 1834 401 1874 multa
450 1833 561 1874 101111
602 1838 643 1874 et
688 1847 818 1888 parva
865 1833 1107 1888 corpuscula
1148 1834 1357 1874 interdum
1389 1835 1432 1875 in
1464 1849 1612 1890 corpus
1643 1849 1734 1876 nos-

121 1915 233 1952 trum
265 1911 415 1952 cadant
445 1912 513 1952 vel
544 1912 587 1952 in
620 1911 708 1952 eius
740 1912 959 1966 superficie
991 1925 1034 1952 se
1065 1917 1283 1965 moveant,
1331 1927 1435 1968 quae
1469 1914 1622 1954 sentire
1655 1928 1738 1954 non

121 1990 340 2045 possimus.
400 1990 461 2030 At
510 1990 543 2030 si
582 1990 709 2030 animi
751 1990 941 2044 singulae
983 1990 1111 2030 atomi
1143 1990 1318 2044 singulis
1351 1995 1489 2032 essent
1521 1992 1735 2046 appositae

122 2068 305 2123 corporis
336 2068 512 2120 atomis,
545 2068 660 2109 11111111
690 2081 758 2108 103
789 2082 938 2122 00111113
970 2068 1181 2121 attingens
1211 2072 1297 2108 tam
1327 2083 1456 2123 parva
1487 2073 1607 2122 esset,
1640 2069 1739 2124 quin

124 2145 313 2186 sensibus
343 2145 660 2200 perciperetur,
694 2145 790 2200 quia
821 2159 915 2185 cum
948 2158 1112 2199 semper
1143 2152 1280 2185 atomo
1302 2144 1409 2186 foret
1430 2145 1589 2198 maior,
1612 2146 1740 2186 animi

122 2227 282 2264 atomos
327 2223 567 2277 attingeret.
639 2223 758 2264 Haec
799 2223 929 2277 igitur
976 2222 1268 2277 disputationis
1314 2237 1409 2277 pars
1455 2224 1639 2278 pertinet
1688 2223 1740 2264 ad

123 2300 305 2355 corporis
337 2304 378 2341 et
409 2301 537 2341 animi
569 2300 928 2353 coniunctionem,
962 2299 1011 2340 de
1044 2314 1125 2355 qua
1154 2314 1214 2340 13.
1249 2302 1445 2342 323-50
1475 2301 1638 2342 locutus
1678 2306 1740 2342 est

122 2382 247 2433 poeta
287 2382 329 2419 et
374 2391 444 2419 eos
491 2378 687 2433 subsequi
730 2377 921 2427 (1011013).
982 2377 1146 2417 Deinde
1188 2382 1281 2432 post
1316 2392 1376 2418 13.
1427 2379 1507 2419 395
1555 2379 1741 2434 sequitur

123 2467 183 2494 vs.
218 2456 322 2508 350,
355 2455 425 2510 qui
446 2455 594 2510 incipit
616 2469 640 2495 a
666 2455 805 2495 verbis
841 2455 975 2510 „quod
1001 2469 1126 2509 super
1158 2455 1270 2507 est'’,
1317 2469 1423 2510 quae
1456 2456 1740 2497 demonstrare

123 2531 320 2572 videntur
360 2532 443 2573 iam
488 2533 762 2587 praecessisse
804 2533 930 2573 aliam
978 2532 1283 2586 obiectionem,
1330 2547 1518 2589 quaeque
1549 2534 1657 2575 hanc
1689 2534 1740 2575 ob

123 2621 213 2649 rem
253 2622 326 2649 suo
362 2609 451 2649 loco
484 2610 637 2665 scripta
668 2614 764 2650 sunt
794 2610 839 2650 in
870 2614 1010 2651 nostro
1030 2643 1040 2663 ,
1086 2624 1169 2650 non
1201 2614 1342 2651 tamen
1374 2611 1417 2651 in
1447 2612 1739 2667 manuscriptt.

170 2843 192 2880 1)
237 2843 293 2875 Vs.
319 2844 391 2876 372.

170 2905 197 2945 ²)
241 2906 293 2936 Ad
314 2905 430 2937 horum
453 2905 597 2936 locorum
620 2905 905 2937 commutationem
928 2905 1151 2946 explicandam
1169 2906 1304 2937 fortasse
1319 2916 1384 2938 non
1399 2905 1516 2937 inutile
1532 2909 1582 2938 est
1596 2906 1741 2938 animad-

126 2971 250 3000 vertere
284 2968 422 2999 alterum
456 2970 496 2998 20
519 2978 632 2999 versus
648 2991 656 3007 ‚
695 2968 847 3009 paginam
869 2968 972 3000 nostri
995 2968 1113 3000 codicis
1136 2968 1184 3007 A,
1209 2968 1346 3000 alterum
1370 2970 1408 3000 26
1432 2979 1566 3008 versus,
1589 2969 1742 3010 paginam

127 3030 296 3072 archetypi
318 3031 492 3063 continere.

1491 3097 1515 3136 5
