1894 3235
811 150 887 189 107

49 299 202 325 surum.
263 284 465 324 Munrous
496 286 636 324 autem
668 286 787 337 putat
819 282 1062 323 Lucretium
1095 280 1255 322 Stoicos
1285 278 1352 319 hic
1376 277 1595 328 refellere,
1618 279 1660 316 et

48 361 179 401 multa
223 365 469 414 argumenta
511 359 631 399 affert
662 358 714 398 ad
744 358 851 399 hanc
884 359 1123 413 opinionem
1155 354 1459 397 defendendam
1480 353 1521 406 ¹).
1583 352 1660 393 At-

49 443 189 478 tamen
221 438 259 478 ei
290 437 482 478 assentiri
516 450 598 476 non
630 449 871 490 possumus,
904 436 1092 491 quamtis
1123 434 1316 475 lubenter
1338 432 1381 472 id
1401 431 1660 472 faceremus:

46 529 170 568 nam,
211 515 244 556 si
277 515 438 556 Stoicos
468 513 533 554 his
566 523 827 568 oppugnaret
858 523 1009 568 poeta,
1054 527 1177 553 nemo
1209 515 1344 563 esset,
1377 509 1448 565 qui
1484 511 1659 562 negaret

48 607 143 634 eum
187 593 291 634 haec
334 596 580 646 argumenta
621 605 674 632 ex
716 592 888 646 Epicuri
920 591 1084 646 scriptis
1115 589 1352 645 sumpsisse.
1415 586 1496 628 Sed
1530 585 1658 627 Stoici

46 671 247 712 mundum
294 675 512 710 aeternum
559 683 648 709 esse
694 670 905 723 negabant
923 668 979 722 2);
1027 669 1245 722 ἐκπυρώσει
1280 666 1418 707 omnia
1446 664 1656 720 peribunt.

47 748 288 789 Heraclitus
333 747 461 788 talem
492 747 637 787 mundi
670 747 886 787 interitum
917 747 1000 787 iam
1033 745 1197 785 docuit:
1242 746 1310 786 ἕνα
1342 744 1441 785 εἶναι
1473 743 1658 794 κόσμον,

46 828 275 881 γεννᾶσθαί
318 844 357 866 τε
405 825 530 865 αὐτὸν
572 827 612 866 ἐκ
656 825 789 879 πυρὸς
831 828 892 865 καὶ
934 824 1064 865 πάλιν
1106 824 1382 876 ἐκπυροῦσθαι
1414 820 1512 861 κατά
1544 836 1659 866 τινας

47 902 265 958 περιόδους
296 901 482 949 ἐναλλὰξ
512 903 585 943 τὸν
618 904 833 952 σύμπαντα
867 905 994 943 αἰῶνα
1009 899 1050 952 3).
1112 900 1222 940 Eum
1254 902 1476 953 sequentes
1508 895 1658 937 Stoici:

46 983 199 1036 ἀρέσκει
243 979 282 1023 δὲ
326 987 415 1028 τοῖς
445 978 752 1035 πρεσβυτάτοις
783 983 866 1020 τῶν
898 980 980 1020 ἀπὸ
1011 985 1084 1026 τῆς
1117 980 1309 1032 αἱρέσεως
1340 978 1485 1024 ταύτης
1511 1007 1520 1023 ,
1552 972 1658 1021 ἐξαε-

45 1061 222 1114 ροῦσθαι
261 1059 395 1100 πάντα
442 1059 538 1099 κατὰ
587 1055 805 1112 περιόδους
851 1058 967 1104 τινὰς
1009 1056 1083 1104 τὰς
1115 1057 1314 1109 μεγίστας
1347 1056 1404 1102 εἷς
1436 1055 1517 1107 πῦρ
1550 1053 1660 1092 alez-

45 1134 175 1190 ρῶδες
225 1136 520 1186 ἀναλυομένων
564 1135 732 1175 πάντων
749 1133 791 1186 4).
872 1134 1052 1189 Ἀρέσκει
1099 1131 1133 1174 δ’
1164 1133 1304 1182 αὐτοῖς
1355 1133 1418 1172 καὶ
1471 1130 1659 1184 φθαρτὸν

46 1214 146 1255 εἶναι
187 1214 261 1254 τὸν
308 1214 489 1264 κόσμον,
537 1212 604 1253 ἅτε
635 1213 811 1267 ’γενητὸν
841 1215 898 1267 τῷ
929 1211 1049 1266 λόγῳ
1079 1213 1162 1252 τῶν
1195 1208 1242 1251 ἓι’
1275 1209 1508 1256 αἰσθήσεως
1540 1224 1659 1248 νοου-

44 1293 201 1343 μένων,
244 1290 292 1331 οὗ
338 1290 388 1332 τά
429 1308 468 1331 τε
510 1291 608 1344 μέρη
641 1289 807 1344 φθαρτά
838 1290 920 1330 ἐστι
952 1291 1014 1329 καὶ
1046 1288 1093 1328 τὸ
1127 1287 1255 1335 ὅλον,
1302 1287 1350 1327 τὰ
1385 1283 1424 1327 δὲ
1456 1287 1554 1338 μέρη
1585 1287 1658 1325 τοῦ

47 1370 203 1421 κόσμου
250 1368 446 1423 φθαρτά·
495 1369 552 1415 εἷς
599 1366 768 1415 ἄλληλα
814 1367 895 1421 γὰρ
941 1363 1230 1420 μεταβάλλει·
1276 1363 1463 1419 φθαρτὸς
1509 1362 1588 1417 ἄρα
1635 1364 1658 1402 ὁ

47 1446 203 1498 κόσμος
225 1458 233 1466 ·
282 1448 344 1486 καὶ
392 1445 424 1486 εἴ
468 1463 504 1485 τι
551 1441 798 1485 ἐπιδεκτικόν
829 1445 912 1484 ἐστι
942 1449 1013 1491 τῆς
1047 1444 1108 1483 ἐπὶ
1140 1442 1187 1483 τὸ
1220 1447 1364 1497 χεῖρον
1395 1438 1658 1495 μεταβολῆς,

47 1522 236 1577 φθαρτόν
282 1523 363 1562 ἐστι
387 1534 395 1542 ·
429 1525 490 1563 καὶ
538 1523 560 1562 ὁ
597 1521 754 1572 κόσμος
787 1520 865 1574 ἄρα
889 1533 897 1541 ·
931 1519 1205 1574 ἐξαυχμοῦται
1235 1519 1316 1573 γὰρ
1349 1520 1410 1558 καὶ
1443 1515 1659 1564 ἐξυδατοῦ-

45 1602 162 1652 ruffi).
225 1598 477 1651 Cleanthes,
525 1598 595 1653 qui
642 1598 772 1638 solem
818 1596 1021 1638 dominari
1062 1601 1103 1637 et
1133 1610 1273 1636 rerum
1304 1595 1429 1650 potiri
1459 1598 1581 1649 putat
1601 1596 1658 1646 0),

44 1682 94 1734 τῇ
133 1678 352 1732 ἐκπυρώσει
394 1676 504 1732 λέγει
548 1680 624 1725 τὴν
671 1675 854 1725 σελήνην
900 1678 962 1716 καὶ
1009 1674 1057 1716 τῖ

1104 1673 1230 1716 λοιπᾶ
1270 1674 1398 1728 ἄστρα
1430 1673 1504 1714 τὸν
1536 1671 1659 1721 ἥλιον

45 1753 305 1808 ἐξομοιώσειν
344 1756 478 1796 πάντα
525 1755 652 1809 ἑαυτιζ
692 1756 755 1794 καὶ
797 1751 1050 1808 μεταβαλεῖν
1092 1754 1148 1803 εἷς
1192 1752 1338 1793 ἑαυτόν
1363 1753 1402 1803 7).
1463 1749 1528 1790 Re
1559 1763 1660 1790 vera

45 1835 92 1872 ut
122 1845 176 1872 ex
207 1831 381 1872 Eusebii
411 1831 501 1872 loco
532 1830 654 1871 modo
685 1829 854 1871 laudato
885 1833 1084 1884 apparet,
1128 1829 1238 1869 inter
1267 1827 1521 1868 recentiores
1552 1826 1659 1867 Stoi-

45 1922 114 1950 cos
159 1908 356 1961 fuerunt,
397 1908 469 1964 qui
513 1907 717 1948 mundum
758 1912 977 1948 aeternum
1019 1919 1109 1947 esse
1140 1909 1370 1961 putarent,
1416 1905 1526 1945 inter
1556 1917 1660 1958 quos

44 1986 274 2027 Panaetius
296 1985 327 2039 ὃ)
375 1990 416 2026 et
454 1985 629 2026 fortasse
668 1984 857 2026 Boethus
879 1982 910 2038 9)
958 1983 1207 2024 numerandi
1243 1986 1366 2035 sunt,
1414 1981 1488 2022 sed
1518 1986 1660 2022 tamen

46 2064 233 2105 Lucretii
274 2068 462 2119 tempore
505 2063 634 2104 Stoici
681 2063 842 2104 Romae
883 2066 1049 2102 veteres
1081 2060 1246 2102 scholae
1277 2060 1487 2115 principes
1519 2072 1662 2114 seque-

46 2142 225 2182 bantur:
277 2155 357 2194 „ex
388 2155 469 2197 quo
502 2145 751 2182 eventurum
781 2140 912 2180 nostri
943 2143 1094 2194 putant
1129 2138 1303 2191 (Balbus
1335 2137 1499 2178 Stoicus
1528 2135 1660 2191 loqui-

47 2223 130 2269 tur)
162 2218 226 2272 id,
259 2218 309 2259 de
342 2233 422 2274 quo
453 2218 706 2259 Panaetium
738 2217 985 2258 addubitare
1020 2216 1241 2269 dicebant,
1273 2219 1319 2255 ut
1350 2214 1404 2255 ad
1424 2218 1661 2255 extremum

91 2440 116 2481 l)
163 2440 212 2472 Cf.
237 2441 278 2471 ad
300 2451 348 2472 vs.
375 2442 456 2478 116,
484 2441 562 2479 119,
588 2442 658 2471 156.

89 2503 113 2540 ²)
160 2502 226 2539 Qui
258 2503 416 2534 Mumous
447 2503 604 2534 affirmare
633 2503 734 2543 possit
748 2527 755 2541 ,
790 2503 867 2541 „the
891 2502 987 2534 stoics
1010 2503 1048 2542 of
1067 2513 1169 2532 course
1191 2499 1408 2540 maintaining
1429 2499 1472 2530 its
1495 2498 1660 2530 immorta-

46 2565 132 2608 lity”
157 2576 223 2597 non
245 2565 410 2607 intellego.
915 2551 919 2554 ’

90 2629 115 2668 3)
162 2629 204 2660 D.
229 2629 267 2662 L.
292 2629 365 2667 IX,
392 2631 421 2660 8.

90 2692 115 2734 ⁴)
162 2691 282 2723 Euseb.
305 2702 354 2732 pr.
377 2702 427 2723 ev.
452 2691 516 2723 XV
533 2716 540 2730 ‚
566 2694 603 2723 18
618 2717 626 2732 ,
652 2695 679 2723 1.

91 2755 114 2793 ⁵)
160 2754 256 2796 Diog.
280 2755 319 2786 L.
344 2754 436 2793 VII,
462 2757 477 2785 1
493 2779 500 2793 ‚
529 2757 601 2787 141.

91 2818 116 2855 6)
162 2817 228 2849 Cic.
252 2818 351 2849 Acad.
376 2817 415 2849 ΙΙ
432 2841 441 2856 ,
466 2820 528 2857 41,
555 2819 625 2849 126.

91 2880 118 2920 ⁷)
163 2879 250 2913 Plut.
275 2890 300 2911 c.
325 2883 392 2911 not.
418 2882 480 2919 31,
506 2882 556 2912 10.

91 2943 117 2983 Β)
167 2942 208 2974 D.
233 2942 270 2974 L.
295 2942 387 2981 VII,
414 2945 484 2974 141.

92 3006 120 3045 ⁹)
165 3005 270 3036 Zeller
294 3006 370 3043 III,
398 3009 435 3043 l,
459 3016 533 3047 pag.
562 3009 620 3037 143
644 3010 710 3038 not.
