1894 3235
883 152 933 191 81

103 284 281 338 bantur,
327 285 616 326 Democritum
661 289 896 340 sequentes.
958 285 1064 326 Cum
1095 285 1206 326 enim
1238 299 1287 326 ea
1316 298 1360 326 re
1391 299 1492 326 vera
1523 299 1612 326 esse
1643 298 1714 326 ne-

104 375 202 416 gare
234 363 419 415 nollent,
451 376 587 418 neque
612 361 823 413 ,affirmare
856 377 904 403 ea
934 363 1080 403 inanes
1112 376 1201 404 esse
1233 362 1466 404 animorum
1487 363 1715 417 imagines,

106 453 154 480 eo
176 440 264 495 ipso
286 440 542 494 cogebantur
558 444 604 480 ut
620 440 843 480 veritatem
864 441 914 480 iis
937 441 1179 482 tribuerent.
1202 441 1332 481 Porro
1354 441 1550 496 quoniam
1572 454 1717 481 secun-

106 518 204 559 dum
249 518 478 573 Epicureos
508 522 676 573 praeter
705 518 829 559 inane
860 518 966 558 nihil
997 532 1144 559 revera
1175 523 1237 559 est
1266 519 1346 559 nisi
1376 519 1600 572 materies,
1646 533 1717 560 ne-

106 609 219 637 cesse
265 600 379 647 erat,
427 599 474 636 ut
520 609 573 636 ex
619 596 767 636 atomis
799 610 848 636 ea
879 595 1028 638 εἴδωλα
1059 596 1169 637 facta
1200 610 1292 637 esse
1323 596 1557 637 faterentur
1591 599 1632 636 et
1663 595 1716 637 ab

105 674 178 727 iis,
210 688 386 729 quorum
417 672 734 714 similitudinem
765 673 1027 728 praeberent,
1060 674 1301 729 corporibus
1333 673 1554 714 dissolutas
1571 673 1718 727 imagi-

105 765 192 792 nes.
231 750 352 798 Quod
383 750 417 790 si
448 750 577 791 semel
610 750 916 803 ostendissent,
947 755 1084 791 metus
1107 756 1147 791 et
1168 755 1301 791 terror
1321 751 1392 791 ille
1414 751 1633 806 paullatim
1659 750 1721 790 fu-

106 831 248 868 turum
279 832 367 868 erat
397 832 443 867 ut
493 832 822 880 evanescerent,
853 841 953 868 vera
984 832 1157 868 naturae
1189 828 1349 868 ratione
1381 828 1560 883 expulsi.
1632 827 1721 880 „Ne

106 905 211 946 forte
243 905 402 946 animas
431 905 676 946 Acherunte
707 919 874 946 reamur
906 905 1091 959 effugere
1123 909 1195 945 aut
1226 905 1394 946 umbras
1416 906 1590 958 (manes)
1613 905 1723 946 inter

107 983 224 1024 vivos
268 983 467 1035 volitare,
513 997 619 1024 neve
667 982 822 1038 aliquid
870 983 1001 1023 nostri
1032 987 1125 1037 post
1156 987 1332 1041 mortem
1363 997 1484 1038 posse
1515 983 1722 1038 relinqui,

108 1075 203 1101 cum
233 1075 382 1116 corpus
414 1061 536 1101 simul
567 1065 691 1115 atque
724 1060 852 1100 animi
888 1065 1038 1101 natura
1068 1064 1288 1115 perempta
1318 1060 1361 1100 in
1393 1075 1467 1101 sua
1498 1060 1725 1102 discessum

109 1138 299 1178 dederint
343 1138 573 1193 primordia
613 1137 789 1192 cuique'⁷
820 1137 854 1191 ¹).
916 1137 1023 1177 Tota
1063 1150 1162 1191 ergo
1193 1137 1297 1178 haec
1330 1138 1517 1179 doctrina
1548 1152 1572 1178 a
1601 1142 1727 1193 poeta

109 1215 334 1270 exponitur
380 1215 431 1255 ob
479 1215 654 1255 eandem
701 1229 867 1255 causam
913 1219 1038 1269 atque
1084 1214 1406 1268 praecedentia,
1452 1219 1553 1255 uta
1582 1215 1726 1255 mortis

110 1298 226 1334 metu
271 1293 460 1334 homines
504 1293 681 1345 liberet,
730 1292 839 1347 quod
870 1292 1077 1347 Epicurus
1109 1306 1272 1347 quoque
1305 1292 1525 1333 confitetur
1557 1292 1725 1346 dicens,

110 1371 190 1412 nisi
220 1376 357 1412 metus
388 1386 462 1412 nos
492 1375 690 1423 vexaret,
723 1371 796 1412 οὐκ
828 1370 878 1412 ἂν
909 1369 1180 1426 προσδεῖσθαι
1213 1372 1320 1421 ἡμᾶς
1353 1370 1643 1426 φυσιολογίας.

170 1449 349 1490 Omnino
397 1449 440 1489 in
480 1449 557 1490 hac
602 1448 794 1489 carminis
826 1452 967 1502 parte,
1001 1461 1106 1503 qnae
1139 1453 1200 1488 est
1233 1447 1282 1488 de
1314 1448 1526 1501 sensibus,
1559 1452 1727 1503 poetam

112 1527 342 1582 Epicurum
388 1532 577 1568 secutum
624 1541 712 1567 esse
759 1526 902 1581 paucis
949 1526 1228 1566 ostendemus,
1289 1526 1430 1566 Primo
1474 1526 1728 1567 demonstrat

113 1606 336 1646 Lucretius
383 1620 405 1646 e
454 1605 694 1660 corporibus
742 1605 913 1645 emissas
944 1605 1174 1658 imagines,
1219 1618 1319 1659 quas
1351 1618 1445 1644 011111
1476 1604 1728 1652 membranis

112 1683 182 1723 vel
212 1683 364 1724 cortice
395 1683 464 1723 vel
495 1683 643 1736 anguis
675 1687 803 1722 exuta
830 1687 946 1722 veste
979 1686 1191 1736 comparat
1210 1680 1267 1734 2),
1310 1692 1403 1721 cum
1435 1681 1615 1722 eundem
1647 1695 1729 1722 ser-

114 1765 214 1801 vent
246 1761 433 1801 ordinem
465 1766 722 1812 atomorum,
755 1760 824 1814 qui
856 1760 899 1799 in
931 1773 1101 1814 corpore
1135 1766 1218 1811 est,
1250 1773 1397 1800 revera
1421 1773 1523 1800 esse.
1568 1759 1728 1800 Eodem

114 1838 237 1879 modo
268 1838 346 1879 hoc
378 1838 477 1879 facit
509 1842 633 1893 atque
666 1837 872 1892 Epicurus
890 1836 946 1890 3),
980 1837 1202 1877 ostendens
1233 1836 1340 1877 hanc
1374 1836 1604 1877 doctrinam
1637 1851 1731 1877 ana-

114 1917 270 1971 logiam
311 1916 467 1957 habere
505 1930 641 1971 neque
673 1929 908 1970 repugnare
939 1916 1012 1968 iis,
1059 1929 1165 1970 quae
1198 1916 1386 1956 sensibus
1417 1916 1731 1970 percipiantur:

115 2009 214 2036 nam
245 2008 299 2035 ex
331 2008 474 2034 eorum
508 1994 695 2034 doctrina
725 1993 803 2033 hoc
835 2007 981 2033 verum
1013 1998 1102 2045 est,
1145 1993 1255 2048 quod
1286 1993 1475 2033 sensibus
1505 1993 1732 2048 probatur,

118 2076 189 2113 aut
239 2086 323 2112 non
372 2072 590 2112 refellitur.
669 2070 920 2124 Singulatim
965 2084 1087 2111 nemo
1136 2070 1240 2111 haec
1292 2071 1513 2110 simulacra
1563 2083 1734 2110 cernere

118 2154 257 2205 potest
306 2154 372 2202 „et
413 2149 584 2190 adsiduo
628 2148 854 2203 crebroque
886 2148 1055 2202 repulsu
1086 2148 1268 2188 reiecta”
1302 2147 1469 2188 demum
1501 2152 1735 2202 apparent,

118 2227 252 2268 veluti
298 2227 562 2282 speculorum
609 2239 662 2266 ex
709 2239 888 2280 aequore
920 2225 1009 2265 visa
1031 2225 1078 2278 4).
1141 2225 1246 2265 Cum
1288 2228 1430 2265 autem
1462 2239 1485 2265 a
1517 2224 1736 2279 superficie

165 2452 189 2493 ¹)
237 2450 296 2483 IV.
322 2451 458 2484 37—41.

166 2514 190 2556 ²)
236 2514 437 2554 „Corporum
460 2512 619 2544 exuviae”
643 2511 854 2544 nominantur
877 2512 1019 2544 Macrob.
1046 2511 1175 2543 Saturn.
1200 2510 1279 2542 VII.
1304 2520 1331 2541 0.
1357 2512 1406 2540 14.

166 2577 192 2616 ³)
238 2576 297 2608 IV.
322 2576 480 2609 42—107.
526 2575 567 2607 D.
592 2575 630 2607 L.
654 2575 696 2606 X.
722 2577 772 2606 46.

166 2639 192 2681 ⁴)
238 2639 295 2671 Vs.
332 2639 394 2677 87,
432 2640 489 2669 103
525 2648 612 2679 seqq.
647 2637 730 2670 Voll.
757 2638 853 2670 Herc.
890 2638 938 2670 ΙΙ.
964 2637 1022 2670 col.
1047 2637 1116 2669 III.
1145 2636 1250 2668 simile
1273 2635 1351 2677 quid
1372 2634 1438 2676 legi
1461 2634 1575 2666 debere
1597 2634 1737 2666 videtur.

124 2702 166 2734 D.
191 2702 227 2734 L.
251 2701 294 2733 X.
319 2703 384 2732 48:
415 2699 523 2742 ῥεῦσις
553 2699 625 2732 α’πὸ
657 2703 723 2731 τῶν
747 2701 908 2741 σωμάτων
933 2702 990 2732 τοῦ
1015 2700 1181 2737 ἐπιπολῆς
1205 2699 1349 2739 συνεχὴς
1373 2696 1564 2737 συμβαίνει,
1588 2697 1648 2728 οὐκ
1672 2697 1740 2728 ἐπί-

127 2767 227 2805 δηλος
250 2767 403 2803 αἰσθήσει
427 2765 480 2797 διά
507 2767 568 2803 τὴν
591 2764 907 2805 α’ντανοπλὴρωσιν
924 2789 929 2794 .
948 2789 953 2794 .
1001 2764 1083 2795 Cum
1116 2762 1218 2803 igitur
1248 2760 1420 2793 Lueretius
1443 2760 1616 2791 contendat
1639 2759 1739 2790 simu-

124 2830 212 2862 lacra
234 2829 364 2870 singula
379 2828 418 2860 ob
429 2827 622 2859 tenuitatem
633 2838 699 2859 non
714 2827 817 2858 videri
832 2827 886 2858 sed
903 2826 1102 2858 solummodo
1119 2825 1252 2856 adsiduo
1269 2824 1441 2864 crebroque
1454 2822 1587 2862 repulsu
1601 2821 1720 2853 reiecta
1732 2846 1740 2860 ,

127 2892 289 2933 Epicurus
323 2891 369 2923 ait
400 2902 458 2923 nos
481 2890 638 2931 imagines
662 2901 680 2921 a
701 2900 809 2921 rerum
833 2889 1001 2930 superficie
1025 2889 1202 2920 defluentes
1238 2897 1303 2918 non
1338 2896 1402 2927 qua
1434 2885 1536 2923 tales,
1569 2884 1603 2915 id
1632 2888 1681 2915 est
1701 2883 1741 2915 ab

127 2953 207 2995 ipsis
239 2954 335 2986 rebus
365 2953 519 2985 discretas
552 2952 682 2991 videre,
717 2952 869 2994 quoniam
902 2950 1074 2982 intervalla
1087 2974 1096 2988 ,
1137 2948 1256 2991 quibus
1289 2947 1365 2979 solis
1399 2957 1469 2979 eam
1502 2945 1742 2978 distinctionem

129 3027 258 3048 cernere
278 3026 445 3057 possemus
461 3040 469 3054 ‚
492 3018 648 3056 perpetua
670 3014 726 3046 illa
748 3014 878 3056 ῥεύσει,
914 3023 996 3055 quae
1019 3023 1056 3044 ea
1077 3011 1236 3052 complet,
1260 3010 1364 3042 videri
1385 3020 1452 3042 non
1472 3012 1629 3050 possunt:
1663 3008 1743 3040 haec

1518 3074 1542 3113 6
