1894 3235
898 125 951 164 53

126 271 239 314 seqq.
288 258 389 300 dicit
434 273 542 312 „non
580 274 634 300 ex
684 259 877 300 omnibus
922 258 1119 310 omnino,
1167 271 1439 312 quaecunque
1471 261 1614 298 creant
1644 272 1737 311 res,

126 335 277 376 sensile
321 340 362 377 et
403 336 616 390 extemplo
649 349 714 376 1116
747 335 863 389 gigni
895 335 1032 375 dicere
1065 335 1259 387 sensus'’,
1303 334 1409 375 sicut
1440 334 1511 374 alii
1541 335 1736 375 statuisse

126 412 332 453 videntur.
394 413 523 453 Arist.
557 412 607 452 de
640 412 765 452 anim.
798 427 836 466 p.
871 413 980 464 411,
1013 427 1063 465 6,
1099 414 1144 452 7:
1185 415 1247 454 καὶ
1280 414 1322 453 ἐν
1352 415 1410 467 τῷ
1441 411 1528 466 ὅλῳ
1560 410 1601 454 δέ
1631 431 1736 463 τινες

125 490 254 538 αὐτὴν
298 493 496 547 μεμῖχθαί
540 499 687 545 φασιν,
735 492 833 531 ὅθεν
863 489 967 538 ἰ’σως·
1013 493 1073 532 καὶ
1114 490 1257 538 Θαλῆς
1287 490 1401 545 ᾠήθη
1432 490 1566 531 πάντα
1597 490 1736 545 πλήρη

124 570 233 609 θεῶν
276 568 402 609 εἶναι.
448 572 571 609 τοῦτο
619 565 652 609 δ’
689 567 770 622 ἔχει
817 569 934 615 τινὰς·
966 568 1169 622 ἀπορίας·
1204 566 1265 609 διά
1295 570 1387 609 τίνα
1417 566 1497 623 γάρ
1530 569 1662 609 αἰτίαν
1694 570 1735 609 ἐν

123 647 195 695 μὲν
225 647 282 699 τῷ
311 645 394 699 ἀέρι
426 644 450 693 ἢ
481 647 538 699 τῴ
568 648 663 697 πυρὶ
698 644 802 685 οὖσα
835 646 857 692 ἡ
889 645 1005 699 ψυχὴ
1038 645 1086 685 οὐ
1108 650 1214 685 ποιεῖ
1246 643 1380 699 ζῴον,
1412 645 1454 685 ἐν
1487 642 1526 686 δὲ
1549 650 1637 692 τοῖς
1657 663 1739 696 μικ-

123 727 238 775 τοῖς,
280 736 401 776 porro
442 735 535 762 cum
566 720 680 762 hisce
712 722 849 762 verbis
880 723 932 776 (p.
966 723 1075 773 411,
1109 736 1159 774 a,
1192 722 1257 775 2):
1293 721 1366 763 εἴτε
1399 720 1456 764 δεῖ
1487 723 1562 771 τὴν
1593 723 1737 777 ψυχὴν

123 799 163 839 ἐκ
184 801 267 840 τῶν
290 801 508 854 στοιχείων
530 805 678 848 ποιεῖν,
709 800 835 840 οὐδὲν
858 797 915 841 δεῖ
937 798 980 846 ἐξ
1001 799 1210 851 ἁπάντων,
1234 798 1487 839 conveniunt
1509 800 1591 839 894
1613 812 1734 853 seqq:

127 874 225 927 „sed
264 875 406 929 magni
438 875 592 915 referre
625 889 674 916 ea
705 875 885 930 primum
918 875 1119 930 quantula
1150 875 1368 915 constent'’
1402 878 1496 915 cett.
1561 874 1737 929 Saepius

121 956 322 1007 usurpata
365 953 437 993 illa
477 953 615 1007 imago
653 953 756 993 caeli
788 953 917 1008 patris
949 956 990 992 et
1022 956 1158 992 terrae
1190 952 1335 992 matris
1366 953 1458 1004 (991
1495 953 1626 1007 seqq.)
1659 952 1736 993 etsi

122 1030 294 1071 fortasse
328 1044 349 1071 6
380 1031 594 1071 veteribus
625 1031 758 1086 poetis
791 1034 978 1085 sumpta,
1003 1034 1143 1070 tamen
1162 1043 1216 1070 ex
1234 1029 1474 1070 Aristotelis
1492 1034 1555 1070 est
1575 1034 1736 1071 mente:

123 1107 173 1149 de
195 1109 319 1149 anim.
344 1123 437 1163 gen.
462 1109 495 1149 I.
518 1124 557 1164 p.
584 1111 686 1161 716,
719 1123 767 1161 a,
795 1110 871 1148 13:
907 1108 1031 1163 ἄρρεν
1062 1111 1135 1161 μὲν
1167 1107 1246 1162 γᾶρ
1279 1107 1457 1163 λέγομεν
1480 1108 1589 1163 ζῴον
1610 1109 1656 1149 τὸ
1679 1111 1736 1157 εἷς

122 1186 233 1228 ἄλλο
278 1190 462 1242 γεννῶν,
510 1186 618 1235 θῆλυ
667 1185 705 1228 δὲ
744 1187 790 1227 τὸ
823 1189 877 1234 εἰς
911 1186 1037 1227 αὑτό.
1087 1183 1148 1227 διὸ
1183 1188 1244 1227 καὶ
1280 1187 1321 1226 ἐν
1353 1189 1408 1240 τῷ
1441 1186 1527 1241 ὅλῳ
1558 1187 1633 1234 τὴν
1664 1192 1736 1234 τῆς

121 1271 199 1318 γῆς
246 1266 370 1319 φύσιν
408 1264 464 1311 ὡς
496 1264 605 1312 θῆλυ
638 1267 700 1305 καὶ
731 1265 880 1318 μητέρα
913 1263 1184 1316 νομίζουσιν,
1233 1263 1416 1318 οὐρανὸν
1449 1261 1488 1304 δὲ
1520 1266 1582 1304 καὶ
1614 1263 1737 1312 ἥλιον

121 1340 145 1389 ἥ
177 1360 213 1382 τι
258 1344 341 1383 τῶν
380 1341 527 1383 ἄλλων
572 1344 655 1383 τῶν
686 1343 886 1383 τοιούτων
918 1342 974 1390 ὡς
1005 1344 1245 1396 γεννῶντας
1278 1343 1340 1382 καὶ
1373 1342 1550 1396 πατέρας
1581 1359 1740 1396 προσα-

120 1420 380 1474 γορεύουσιν.
442 1419 578 1459 Tanta
609 1433 703 1459 cum
735 1419 973 1459 inveniatur
1005 1418 1256 1471 similitudo,
1289 1432 1458 1458 necesse
1491 1422 1553 1458 est
1585 1422 1738 1459 statua-

119 1510 212 1536 mus
243 1496 466 1552 quamdam
498 1497 853 1537 necessitudinem
885 1497 972 1537 sive
1005 1495 1251 1537 affinitatem
1284 1510 1378 1541 esse,
1404 1497 1512 1537 inter
1529 1511 1599 1549 ea,
1632 1511 1738 1552 quae

120 1574 341 1615 Lucretius
383 1574 494 1615 canit
540 1579 581 1615 et
624 1589 729 1630 quae
761 1575 812 1615 ab
843 1574 1073 1615 Aristotele
1105 1574 1383 1629 proferuntur.
1447 1574 1529 1615 Sed
1561 1589 1654 1615 cum
1685 1589 1738 1616 ne

119 1666 273 1693 nomen
320 1652 489 1708 quidem
522 1652 747 1708 Stagyritis
779 1651 890 1707 apud
920 1656 1111 1692 nostrum
1142 1652 1377 1707 reperiatur
1408 1656 1449 1692 et
1480 1653 1596 1692 nulla
1626 1652 1736 1705 sint,

120 1744 227 1785 quae
274 1744 348 1771 nos
394 1730 604 1772 adducant
650 1734 696 1771 ut
743 1744 837 1771 eum
885 1729 1105 1771 Aristoteli
1137 1729 1345 1770 studuisse
1382 1729 1623 1782 credamus,
1655 1744 1737 1770 non

120 1808 341 1849 temeraria
373 1812 436 1849 est
466 1812 607 1849 nostra
638 1808 791 1863 opinio,
824 1807 1084 1849 censentium
1116 1807 1347 1863 Epicurum
1378 1807 1481 1849 haee
1512 1808 1652 1848 omnia
1683 1821 1737 1848 ex

119 1885 360 1926 Aristotelis
406 1886 570 1941 scriptis
616 1885 798 1940 legisse,
845 1889 970 1941 atque
1017 1899 1071 1926 ex
1115 1885 1227 1926 illius
1259 1885 1424 1940 scriptis
1454 1886 1506 1926 61)
1538 1885 1736 1926 Lucretio

120 1962 270 2004 deinde
316 1963 467 2004 hausta
512 1977 615 2004 esse.
677 1963 811 2011 Quam
855 1963 1093 2018 opinionem
1125 1967 1171 2003 ut
1203 1963 1543 2016 corroboremus,
1590 1963 1736 2024 affera-

118 2054 210 2081 mus
257 2040 381 2082 liceat
412 2040 617 2096 quaedam
648 2040 820 2096 Epicuri
852 2041 1027 2095 placita,
1076 2055 1182 2096 quae
1214 2041 1338 2096 plane
1371 2055 1465 2082 cum
1496 2041 1736 2082 Aristotelis

117 2118 256 2159 verbis
286 2119 541 2159 conveniunt
572 2132 709 2174 neque
736 2119 779 2158 111
801 2119 989 2159 Lucretii
1011 2118 1266 2159 carminibus
1287 2118 1570 2160 inveniuntur.
1604 2119 1733 2160 Arist.

120 2195 170 2237 de
193 2211 258 2237 an.
276 2198 358 2237 428
378 2229 387 2249 ,
421 2211 444 2237 a
462 2229 471 2249 ,
506 2198 528 2236 6
553 2196 659 2236 (lixit
682 2197 875 2245 αἴσθησις
892 2201 965 2249 μὲν
987 2198 1068 2252 γὰρ
1089 2197 1177 2245 ἤτοι
1195 2195 1366 2250 δύναμις
1384 2197 1407 2246 ἢ
1426 2199 1602 2253 ἐνέργεια
1625 2197 1735 2252 quod

119 2274 247 2314 etiam
270 2274 320 2314 de
343 2274 435 2315 aliis
458 2274 660 2315 eiusmodi
682 2274 951 2315 facultatibus
974 2275 1060 2315 sive
1082 2274 1201 2315 factis
1224 2274 1335 2315 dicit.
1358 2275 1585 2316 Plutarcho
1603 2279 1733 2328 teste,

118 2351 224 2406 plac.
256 2351 333 2392 IV.
355 2353 378 2392 8
397 2351 605 2406 Epicurus
625 2366 632 2392 :
656 2353 702 2394 τὸ
724 2353 874 2405 μόριόν
896 2354 1005 2394 ἐστιν
1037 2353 1061 2401 ιἡ
1094 2352 1311 2405 αἴσθησις,
1335 2352 1423 2401 ἥτις
1444 2355 1554 2394 ἐστὶν
1572 2354 1594 2401 ἡ
1614 2351 1734 2395 δύνα-

117 2448 207 2482 μις,
249 2433 311 2471 καὶ
343 2430 389 2471 τὸ
417 2431 646 2483 ἐπαίσθημα
672 2432 770 2471 ὅθεν
791 2432 874 2471 ἐστὶ
895 2431 941 2471 τὸ
965 2431 1184 2485 ἐνέργημα·
1218 2431 1316 2478 ὥςτε
1339 2428 1470 2486 διχῶς
1490 2432 1585 2486 παρ’
1607 2431 1733 2472 αὐτοῦ

119 2506 335 2562 λέγεσθαι,
386 2506 582 2556 αἴσθησιν
626 2511 699 2560 μὲν
744 2509 819 2556 τὴν
858 2506 1056 2560 δύναμιν,
1098 2509 1337 2556 αἰσθητικὸν
1369 2506 1409 2550 δὲ
1441 2509 1488 2550 τὸ
1520 2510 1732 2565 ἐνέργημα.

117 2584 169 2624 In
215 2583 360 2624 eadem
406 2585 560 2638 pagina
598 2584 668 2624 lin.
706 2586 756 2625 18
787 2584 1065 2625 Aristoteles:
1099 2588 1255 2640 γίνεται
1285 2586 1367 2641 γὰρ
1402 2584 1504 2634 δόξα
1537 2589 1599 2628 καὶ
1632 2586 1734 2635 ἀλη-

117 2663 198 2712 θὴς
243 2664 305 2704 καὶ
346 2659 513 2715 ψευδής.
576 2661 783 2716 Epicurus
825 2662 876 2703 D.
910 2662 959 2703 L.
991 2662 1046 2703 X.
1080 2664 1158 2715 34,
1205 2665 1280 2712 τὴν
1313 2662 1353 2705 δὲ
1381 2662 1510 2711 δόξαν
1542 2667 1605 2705 καὶ
1636 2664 1734 2705 ὑπό-

119 2739 247 2793 ληψιν
292 2738 514 2794 λέγουσιν·
564 2738 700 2788 ἀληθῆ
745 2742 786 2782 τέ
831 2751 929 2795 φασι
975 2743 1037 2782 καὶ
1069 2738 1195 2795 ψευδῆ
1226 2741 1464 2796 τυγχάνειν.
1502 2765 1554 2769 -—
1588 2740 1731 2793 (Arist.

119 2817 225 2869 428,
257 2816 307 2869 b,
329 2817 382 2869 3,
415 2816 541 2856 etiam
573 2830 665 2857 eam
695 2818 909 2872 ὑπόληψιν
940 2819 1105 2870 vocat).
1170 2817 1254 2858 Sed
1284 2817 1492 2858 1166616111
1515 2818 1614 2859 satis
1636 2819 1731 2859 sint.

177 2892 307 2934 Stoici
338 2907 501 2948 quoque
532 2893 738 2948 putabant
769 2894 956 2935 animum
988 2908 1010 2935 e
1032 2895 1212 2935 materia
1230 2894 1387 2935 factum
1409 2908 1499 2936 esse
1522 2899 1564 2936 et
1586 2896 1731 2937 eodem

121 2984 203 3025 quo
235 2984 383 3025 corpus
413 2970 535 3011 modo
568 2984 765 3012 crescere.
825 2972 876 3012 In
907 2976 1025 3013 utero
1058 2986 1079 3012 6
1112 2975 1333 3027 parentum
1365 2973 1546 3027 semine,
1568 2977 1730 3029 partem
