1894 3235
927 109 1007 150 146

210 245 308 286 Non
355 257 575 300 possumus
624 243 726 299 quin
775 242 1023 285 Lucretium
1072 243 1319 297 laudemus,
1371 257 1465 285 cum
1509 244 1775 300 perspexerit

155 323 300 379 quanti
345 321 583 364 faciendum
629 321 682 362 sit
727 320 795 374 ei,
838 321 909 376 qui
939 321 1096 377 primos
1126 335 1262 363 mores
1294 326 1336 362 et
1366 321 1525 363 cultum
1556 321 1775 363 hominum

152 400 381 456 scripturus
427 400 507 453 sit,
549 398 755 453 originem
794 397 905 452 ignis
936 399 1109 455 eiusque
1140 399 1368 440 utilitatem
1399 398 1452 439 ad
1482 399 1613 440 vitam
1645 413 1771 442 exco-

151 478 319 520 lendam
364 491 536 519 noscere
576 481 618 518 et
648 476 756 518 hanc
787 477 840 518 ob
871 490 1040 518 causam
1072 491 1168 518 eum
1200 491 1366 533 quoque
1397 478 1536 519 locum
1569 482 1773 535 tractave-

151 557 219 598 rit.

279 557 393 598 Num
424 555 614 597 consulto
645 559 788 596 tamen
819 559 945 610 poeta
965 555 1114 596 ceteris
1134 555 1218 597 iam
1240 556 1412 611 scriptis·
1429 555 1450 609 ¹)
1482 555 1590 597 hanc
1612 560 1775 612 partem

151 633 234 675 huc
281 633 571 686 collocaverit,
612 637 835 688 postquam
876 647 936 674 vs.
987 635 1091 674 1011
1137 634 1279 688 ignem
1325 638 1518 689 paratum
1560 648 1651 676 esse
1690 635 1775 677 iam

152 711 346 765 dixerat,
389 716 437 753 ut
477 711 684 753 indicaret
726 711 934 766 originem
974 712 1084 766 ignis
1130 717 1225 767 post
1265 712 1433 766 linguae
1465 712 1670 767 originem
1702 726 1774 754 ex-

151 790 307 831 stitisse
324 788 370 842 2),
418 793 481 830 est
512 789 624 845 quod
656 788 834 830 dubites.
896 789 1046 843 Ignem
1094 789 1194 831 dicit
1240 789 1413 831 fortasse
1444 790 1620 832 fulmina
1656 790 1772 832 detu-

149 867 248 908 lisse
269 867 313 908 in
338 871 516 920 terram,
548 867 592 908 in
612 866 691 908 hoc
714 881 809 908 cum
830 867 1134 908 recentioribus
1156 866 1257 908 viris
1280 866 1412 908 doctis
1433 867 1698 909 consentiens
1716 870 1744 919 ³)
1762 882 1772 922 ;

149 945 278 986 etiam
318 945 409 986 fieri
449 945 587 1000 potuit
628 949 674 986 ut
720 945 825 986 aridi
873 944 1032 986 arboris
1077 944 1182 985 rami
1231 944 1367 985 ventis
1407 945 1556 999 agitati
1598 944 1772 987 terendo

147 1023 442 1079 ignescerent,
487 1027 535 1064 ut
574 1023 686 1064 inter
731 1027 897 1064 nostrae
944 1023 1095 1064 aetatis
1142 1022 1284 1063 doctos
1331 1022 1504 1064 Kuhnio
1546 1023 1706 1078 placuit
1726 1026 1772 1074 ⁴).

149 1100 256 1143 Cum
287 1101 398 1156 ignis
429 1114 529 1142 usus
560 1105 683 1141 notus
715 1104 848 1153 esset,
881 1100 964 1153 sol,
997 1100 1069 1155 qui
1100 1099 1229 1140 radiis
1261 1099 1346 1140 suis
1377 1099 1536 1141 fructus
1557 1103 1771 1154 maturat,

147 1179 262 1220 cibos
297 1178 376 1220 sibi
413 1191 592 1234 coquere
614 1177 806 1219 homines
828 1177 1017 1219 docuisse
1041 1177 1192 1219 dicitur
1214 1176 1257 1231 ⁵).
1304 1178 1356 1218 In
1374 1182 1463 1219 tota
1484 1176 1562 1218 hac
1585 1177 1773 1219 doctrina

144 1260 271 1312 poeta
291 1270 417 1312 quam
434 1256 590 1311 optime
613 1255 691 1297 sibi
713 1259 899 1297 constat:
924 1260 971 1296 ut
994 1269 1091 1296 casu
1113 1255 1293 1311 quodam
1315 1260 1357 1295 et
1378 1254 1549 1296 fortuito
1573 1258 1686 1296 totus
1702 1253 1771 1295 hic

143 1333 326 1375 mundus
371 1334 506 1375 factus
551 1338 642 1388 est,
686 1334 745 1375 sic
791 1348 890 1375 casu
936 1347 1101 1389 quoque
1148 1338 1189 1375 et
1221 1333 1392 1374 fortuito
1435 1338 1546 1374 artes
1577 1332 1772 1387 cognosci

146 1416 398 1468 coeperunt:
447 1412 528 1454 ὑπὸ
570 1419 642 1462 τῆς
689 1415 833 1467 πείρας
878 1411 1071 1453 homiues
1118 1410 1228 1452 docti
1275 1415 1371 1452 sunt
1392 1410 1438 1464 6).
1500 1410 1569 1452 Ex
1599 1409 1772 1452 Diodori

144 1488 289 1530 verbis
321 1488 513 1530 concludi
543 1502 664 1544 posse
696 1488 801 1529 mihi
831 1488 999 1530 videtur
1030 1489 1261 1544 Epicurum
1292 1488 1405 1529 idem
1437 1487 1654 1530 docuisse:
1686 1501 1772 1529 non
1890 1520 1894 1553 ,

145 1567 290 1609 omnia
334 1581 483 1609 revera
529 1567 642 1623 apud
687 1581 784 1609 eum
823 1568 1088 1621 invenimus,
1135 1581 1242 1624 quae
1274 1567 1498 1609 Lucretius
1529 1566 1665 1620 canit,
1698 1565 1772 1608 sed
1890 1558 1894 1623 Ι

148 1650 293 1687 contra
340 1645 551 1686 Diodorus
596 1645 731 1686 multa
776 1659 831 1686 ex
862 1645 1046 1701 Epicuro
1078 1645 1234 1686 referre
1266 1645 1460 1698 videtur,
1508 1658 1615 1700 quae
1646 1647 1772 1700 poeta

148 1737 232 1765 non
278 1728 511 1764 memorat:
559 1723 702 1779 itaque
747 1727 972 1779 utrumque
1014 1737 1068 1764 ex
1109 1723 1297 1764 eiusdem
1332 1721 1573 1778 philosophi
1605 1722 1771 1778 scriptis

141 1801 331 1843 hausisse
349 1801 471 1842 facile
495 1800 720 1854 concedes,
744 1815 839 1842 cum
861 1815 1023 1842 summa
1043 1801 1125 1854 rei,
1147 1807 1194 1842 ut
1216 1802 1274 1842 ita
1297 1801 1455 1854 (licam,
1478 1800 1591 1856 apud
1609 1805 1770 1842 utrum-

143 1895 224 1937 que
273 1879 421 1921 eadem
467 1880 533 1921 sit.
595 1879 805 1922 Diodorus
853 1880 953 1921 dicit
997 1879 1190 1921 homines
1234 1880 1417 1936 primum
1461 1879 1589 1921 fuisse
1635 1880 1770 1936 πυρὸς

143 1958 312 2008 ἀήθεις,
349 1965 507 2013 τροφῆς
539 1956 574 2000 δ’
596 1959 748 2013 ἡμέρου
770 1958 987 2010 παντελῶς
1011 1957 1292 2008 ἀνεννοήτους
1327 1990 1335 1998 .
1370 1990 1379 1998 .
1413 1989 1421 1998 .
1456 1989 1465 1999 .
1497 1960 1768 2013 ’γνωσθέντος

144 2034 184 2079 δὲ
215 2040 290 2078 τοῦ
325 2037 458 2091 πυρὸς
491 2039 554 2078 καὶ
586 2040 671 2078 τῶν
704 2035 852 2078 ἄλλων
883 2040 967 2078 τῶν
999 2039 1247 2092 χρησίμων,
1294 2035 1394 2078 κατὰ
1423 2037 1569 2092 μικρὸν
1600 2039 1663 2078 καὶ
1694 2034 1769 2085 τάς

171 2116 183 2131 1
369 2115 378 2128 r
438 2117 484 2129 Α...
680 2117 692 2130 x
771 2114 788 2128 »Ι
964 2113 974 2128 x
1024 2112 1043 2127 ‘N
1108 2117 1120 2129 ι
1286 2115 1297 2128 x
1460 2115 1472 2128 x
1579 2116 1590 2130 ι
1684 2113 1694 2127 5

141 2132 296 2170 Τξχυας
342 2131 584 2170 Ευρξιζῖηναί,
630 2133 693 2156 Καί
740 2113 878 2156 Ταλλα
924 2133 971 2156 Ta
1020 2119 1226 2167 ὸυναμξνα
1258 2133 1333 2156 701)
1365 2132 1507 2156 ΚΟίυΟῙΙ
1537 2111 1642 2169 βων
1673 2122 1771 2168 ωφδ·

141 2191 267 2241 λῆσαι
301 2207 310 2215 ·
357 2192 545 2234 καθόλου
592 2191 675 2248 γάρ
717 2193 886 2234 πάντων
927 2194 1003 2241 τὴν
1035 2194 1180 2248 χρείαν
1212 2192 1340 2241 αὐτὴν
1372 2190 1627 2239 διδάσκαλον
1657 2193 1771 2248 ’γενέ-

142 2271 240 2311 σθαι
271 2275 362 2318 τοῖς
394 2269 638 2324 ἀνθρώποις·
661 2302 672 2319 ,
705 2288 740 2311 κ.
772 2287 806 2310 τ.
840 2287 869 2311 ε.
898 2271 936 2322 ⁷).

199 2347 427 2402 Reliquam
457 2345 582 2388 huius
613 2346 709 2387 libri
740 2351 918 2402 partem,
954 2359 1079 2402 quam
1111 2345 1298 2387 nondum
1329 2345 1630 2398 tractavimus,
1673 2358 1768 2386 cum

141 2425 276 2466 multa
319 2424 532 2466 contineat
577 2424 631 2466 ad
675 2425 879 2466 moralem
910 2424 1142 2465 doctrinam
1175 2424 1432 2479 spectantia,
1482 2423 1550 2465 hic
1582 2427 1768 2479 praeter-

141 2502 395 2545 mittendam
427 2516 518 2544 esse
549 2516 796 2555 censemus,
843 2506 891 2543 ut
921 2502 1065 2558 paucis
1095 2502 1211 2557 prius
1242 2502 1381 2544 verbis
1411 2502 1565 2543 librum
1598 2506 1768 2544 sextum

143 2596 238 2623 cum
270 2581 443 2637 Epicuri
476 2581 666 2623 doctrina
697 2581 972 2622 conferamus.

188 2696 208 2717 li

185 2724 212 2789 2'>

186 2802 209 2839 ³)

186 2855 212 2895 ⁴)

183 2908 211 2948 ⁵)

183 2960 206 2998 ⁶)

183 3013 211 3054 ἲ)

257 2696 305 2727 Cf.
331 2696 464 2728 Lachm.
489 2705 602 2727 comm.
628 2695 668 2726 ad
692 2694 731 2726 V.
760 2693 851 2726 1091.

259 2748 404 2781 Peschel.
429 2747 584 2780 Vblkerk.
610 2750 663 2779 3te
685 2747 773 2779 Aufi.
796 2757 826 2788 p.
857 2749 925 2779 144.

255 2801 402 2834 Peschel.
426 2801 448 2832 l.
473 2801 494 2832 l.
518 2811 550 2842 p.

258 2854 405 2886 Peschel.
429 2865 460 2896 p.
488 2855 559 2886 145.

254 2907 311 2940 Vs.
339 2909 562 2939 1091—1104.

253 2959 349 2992 Diod.
375 2959 438 2992 Sic.
462 2959 484 2991 1.
508 2959 530 2991 l.
556 2969 626 3001 cap.
653 2961 684 2991 8.

257 3013 353 3045 Diod.
379 3012 442 3045 Sic.
467 3013 488 3043 l.
514 3013 537 3044 1.
