1894 3235
889 99 969 140 160

121 233 231 274 Nam
267 233 302 274 si
334 233 557 274 statuimus
588 245 684 273 eum
714 231 823 272 hanc
855 231 1181 287 descriptionem
1213 247 1286 274 suo
1317 233 1454 275 Marte
1485 234 1710 276 inseruisse
1728 267 1739 289 ,

121 315 318 368 putemus
364 323 536 352 neccsse
582 314 646 350 est
691 323 787 350 eum
833 309 1085 364 Hippocrati
1131 310 1199 351 vel
1244 310 1336 352 aliis
1367 311 1540 353 medicis
1571 326 1741 368 operam

124 389 317 443 dedisse,
363 403 457 430 cum
506 387 603 428 inde
650 401 675 428 a
721 401 778 428 vs.
817 388 923 428 1183
954 388 1088 429 multa
1118 388 1296 442 referat,
1328 403 1435 445 quae
1466 389 1578 445 apud
1609 389 1741 432 Thuc.

121 482 206 510 non
248 468 445 522 leguntur
467 467 504 519 ¹).
569 465 653 507 Sed
683 466 879 521 apparuit
910 469 1079 521 poetam
1109 480 1366 522 numquam,
1413 472 1621 523 quatenus
1653 467 1742 524 qui-

124 546 218 588 dem
249 559 272 587 0
304 545 487 587 carmine
519 543 609 584 eius
639 543 833 597 cognosci
865 547 1031 598 potest,
1063 543 1155 585 aliis
1187 543 1364 586 Graecis.
1390 543 1649 601 philosophis
1669 548 1743 587 aut

122 624 297 666 medicis
342 621 564 663 studuisse.
626 621 736 662 Eum
786 625 928 662 autem
973 621 1016 661 in
1062 620 1170 662 hanc
1215 622 1352 677 operis
1396 626 1588 678 partem,
1635 635 1742 678 quae

123 702 179 743 ad
225 705 353 742 totum
396 698 639 754 respicienti
685 712 769 739 non
815 697 1039 739 admodum
1085 699 1224 753 gravis
1269 704 1312 740 et
1357 701 1499 754 magni
1539 700 1742 742 momenti

122 779 316 833 videtur,
348 782 512 819 tantum
543 776 728 818 studium
758 776 1029 831 impendisse,
1067 782 1113 817 ut
1144 781 1337 818 veterum
1370 778 1626 819 Graecorum
1656 792 1742 819 me-

122 858 308 899 dicorum
355 857 509 912 scripta
549 856 810 911 perlegeret,
843 869 928 895 non
969 855 1196 896 verisimile
1227 854 1331 896 mihi
1361 855 1538 896 videtur.
1599 855 1741 897 Etiam

119 936 226 978 aliae
267 939 364 976 sunt
395 939 536 990 partes
567 936 718 987 (1151,
753 933 848 987 [Th.
896 933 968 987 Π,
1002 934 1083 986 49,
1116 934 1157 988 2]
1179 966 1189 986 ,
1236 935 1366 987 1159,
1402 935 1538 987 1197,
1575 935 1740 975 1:202—

123 1015 260 1067 1205,
306 1014 438 1066 1209,
485 1013 609 1066 1239)
634 1014 691 1066 2),
733 1025 840 1067 quae
872 1017 944 1052 aut
974 1026 1053 1052 non
1088 1011 1288 1066 leguntur
1317 1011 1429 1067 apud
1459 1011 1620 1066 Thuc.,
1668 1015 1741 1053 aut

120 1107 203 1133 non
235 1095 470 1146 congruunt
502 1105 596 1132 011111
628 1090 718 1131 01118
750 1089 900 1130 verbis.
949 1089 1089 1130 Munr.
1122 1094 1265 1130 censet
1295 1093 1464 1145 poetam
1495 1104 1566 1131 eos
1600 1103 1744 1131 versus

120 1171 373 1212 scribentem
414 1183 498 1210 non
540 1168 801 1209 intellexisse
844 1181 950 1223 quae
982 1167 1115 1208 Thuc.
1150 1167 1389 1223 scripserit,
1436 1182 1530 1209 cum
1562 1167 1743 1212 Romani

121 1248 309 1291 Lucretii
356 1252 545 1303 tempore
586 1261 670 1287 non
711 1246 867 1301 optime
899 1259 1048 1300 graece
1081 1245 1248 1286 scirent.
1311 1245 1394 1287 Sed
1425 1245 1504 1287 hoc
1535 1245 1648 1287 idem
1678 1260 1743 1287 ar-

123 1330 372 1382 gumentum
417 1324 538 1365 nobis
578 1323 853 1379 persuaderet
898 1323 1145 1364 Lucretium
1189 1337 1403 1378 nunquam
1448 1323 1568 1364 illum
1603 1336 1744 1364 rerum

121 1409 335 1460 gestarum
383 1403 629 1458 scriptorem
674 1402 860 1456 legisse,
908 1415 1033 1457 quem
1079 1401 1225 1443 Cicero
1258 1401 1468 1442 difficilem
1501 1415 1591 1442 esse
1622 1401 1744 1442 intel-

118 1483 233 1524 lectu
280 1482 401 1523 dixit.
464 1481 612 1523 Potius
645 1480 853 1521 credimus
884 1479 1115 1534 Epicurum
1148 1479 1198 1520 de
1229 1479 1384 1520 morbis
1416 1479 1668 1521 scribentem
1687 1478 1743 1533 ³),

120 1575 214 1603 cum
263 1560 313 1601 de
359 1563 477 1616 peste
519 1563 692 1613 ageret,
725 1557 984 1613 Thucydidis
1025 1557 1349 1612 descriptionem
1390 1562 1580 1598 secutum
1623 1571 1743 1611 esse,

119 1638 321 1680 nonnulla
352 1637 589 1690 addidisse,
636 1636 744 1689 alia,
792 1650 898 1692 quae
931 1635 1191 1677 emendanda
1222 1636 1260 1677 ei
1291 1635 1561 1690 viderentur,
1604 1650 1744 1678 emen-

123 1716 242 1758 dasse
303 1719 345 1756 et
397 1714 643 1756 Lucretium
703 1713 896 1767 magistri
941 1713 1121 1768 vestigia
1166 1713 1378 1769 pressisse.
1457 1712 1563 1754 Cum
1600 1717 1743 1755 autem

120 1795 256 1837 morbi
303 1793 472 1835 criteria
513 1796 653 1834 essent
699 1791 984 1832 enumeranda
1024 1796 1066 1832 et
1096 1791 1185 1846 ipse
1217 1790 1486 1846 Thucydides
1518 1805 1566 1832 eo
1597 1791 1742 1832 morbo

122 1873 382 1925 laborasset,
428 1885 512 1912 non
542 1870 696 1911 mirum
728 1873 791 1910 est
821 1869 1054 1925 Epicurum
1085 1873 1170 1910 tam
1202 1873 1395 1910 accurate
1427 1882 1524 1910 011111
1554 1872 1743 1911 secutum

123 1965 240 2004 esse,
286 1954 332 1990 ut
371 1949 458 1990 fere
500 1949 544 1989 in
576 1947 769 1989 omnibus
801 1947 981 1988 eundem
1014 1951 1153 1988 servet
1184 1947 1383 1988 ordinem.
1445 1946 1566 1995 Quod
1597 1946 1632 1987 si
1662 1950 1744 1988 sta-

123 2029 279 2070 tuimus
311 2027 451 2069 omnia
480 2026 602 2067 facile
631 2026 924 2081 explicantur,
966 2039 1073 2081 quae
1104 2025 1242 2066 minus
1272 2025 1469 2066 videntur
1499 2025 1742 2080 perspicua,

123 2120 260 2163 neque
327 2120 423 2148 cum
470 2105 639 2158 Munr.,
703 2108 751 2145 ut
798 2103 877 2145 hoc
921 2107 1044 2157 utar,
1096 2103 1367 2144 statuendum
1418 2107 1508 2157 est,
1575 2107 1743 2159 poetam

122 2186 247 2226 metri
278 2199 403 2226 causa
433 2198 492 2225 vs.
530 2184 636 2224 1197
670 2188 864 2223 octavum
896 2181 1007 2222 diem
1039 2182 1252 2237 scripsisse
1284 2196 1357 2237 pro
1380 2182 1585 2237 septimo,
1618 2195 1743 2238 quem

123 2262 257 2304 Thuc.
290 2261 568 2314 memoravit,
616 2275 711 2302 cum
743 2260 927 2315 Epicuro
958 2259 1066 2301 hanc
1099 2259 1422 2314 discrepantiam
1454 2259 1743 2315 imputendam

123 2354 214 2382 esse
244 2340 366 2382 facile
398 2339 570 2382 concedi
600 2338 745 2394 possit.

168 2545 190 2585 1)
237 2545 287 2579 Cf.
313 2545 423 2577 Munr.
447 2545 488 2576 ad
509 2544 597 2576 hunc
618 2543 737 2576 locum.

167 2609 194 2652 ²)
243 2609 292 2641 Cf.
318 2607 428 2639 Munr.

167 2673 194 2715 ³)
240 2673 284 2704 D.
308 2672 345 2704 L.
370 2671 423 2710 X,
449 2672 507 2702 28:
554 2669 720 2710 Epicurus
742 2668 891 2709 scripsit:
918 2670 993 2710 περὶ
1016 2668 1124 2701 νόσων
1147 2668 1238 2704 δόξαι
1261 2671 1347 2710 πρὸς
1370 2667 1516 2710 Μίθραν.
