1894 3235
920 88 972 128 88

131 219 211 261 1100
251 220 505 276 principium
547 220 601 262 ad
640 224 773 262 totam
821 221 1052 262 doctrinam
1084 221 1284 263 adhibere
1316 222 1454 263 conati
1485 222 1580 264 sint.
1643 222 1753 271 Quo-

131 299 244 339 niam
285 303 426 340 autem
466 312 632 339 omnem
663 299 885 339 veritatem
915 299 959 339 in
990 313 1188 340 sensuum
1220 300 1470 341 auctoritate
1503 301 1626 342 sitam
1661 315 1752 342 esse

132 376 437 431 opinabantur,
470 390 678 417 summum
711 375 894 416 studium
927 390 974 417 eo
1007 379 1299 431 contulerunt,
1333 383 1378 419 ut
1402 379 1608 434 quomodo
1629 379 1754 420 homo

132 455 322 496 sensibus
352 454 568 510 percipere
599 454 820 495 veritatem
842 459 884 495 et
906 469 1157 509 cognoscere
1179 461 1320 511 posset
1342 456 1627 511 explicarent,
1660 471 1755 510 cum

133 546 276 574 omnes
307 532 657 573 Academicorum
688 532 947 588 aliorumque
979 533 1324 589 philosophorum
1355 535 1398 575 in
1429 534 1647 576 dialectiea
1667 539 1755 576 arte

131 610 410 663 subtilitates,
443 624 545 666 quas
576 623 712 651 meras
742 623 876 665 nugas
907 610 1147 663 habebant,
1181 616 1509 653 contemnerent.

190 688 311 737 Quod
368 702 491 743 saepe
531 688 574 728 in
621 701 770 742 graves
816 688 1052 729 inciderunt
1100 702 1260 730 errores
1307 691 1479 731 minime
1523 691 1754 732 miramur:

138 771 305 820 contra,
336 766 490 807 mirum
520 766 666 807 fuisset
699 766 732 807 si
765 780 813 807 eo
847 770 1035 822 tempore
1067 767 1150 807 iam
1183 768 1322 809 omnia
1353 768 1673 824 phaenomena,
1707 769 1758 811 de

132 846 282 901 quibus
323 845 693 899 investigationem
738 845 1035 898 instituerunt,
1082 850 1195 886 reete
1244 847 1539 901 explicassent.
1604 848 1759 904 Neque

132 923 223 979 ipsa
268 923 457 964 doctrina
486 926 604 964 tanta
634 922 758 963 laude
790 927 853 963 est
891 922 1040 977 digna,
1074 923 1146 963 sed
1178 924 1318 978 potius
1349 923 1428 966 hoe
1460 925 1570 981 quod
1603 925 1759 981 ubique

131 1005 306 1042 naturae
355 1000 646 1056 phaenomena
688 1000 912 1055 diligenter
953 1001 1232 1042 observabant
1280 1015 1412 1058 eaque
1456 1016 1510 1044 ex
1545 1003 1760 1045 doctrinae

132 1079 350 1135 principiis
390 1079 603 1134 explicare
648 1079 787 1120 conati
818 1082 927 1119 sunt.
990 1078 1222 1120 Maximam
1253 1084 1396 1120 autem
1428 1094 1599 1136 operam
1636 1081 1760 1123 dede-

134 1162 251 1211 runt,
283 1161 330 1198 ut
360 1157 497 1198 visum
530 1157 803 1212 explicarent.
842 1157 1028 1207 Eorum,
1061 1157 1131 1212 qui
1165 1157 1302 1198 lucem
1334 1172 1389 1199 ex
1419 1158 1603 1201 hominis
1632 1160 1763 1201 oculis

142 1235 300 1276 effundi
340 1236 384 1276 in
424 1249 491 1276 res
533 1235 813 1291 opinabantur
836 1235 885 1289 ¹),
929 1239 1169 1290 contempta
1201 1235 1413 1290 doctrina,
1456 1238 1634 1279 aliorum
1665 1253 1764 1294 qua-

140 1318 235 1355 tuor
272 1328 470 1355 sensuum
502 1313 634 1355 secuti
667 1313 910 1369 exemplum
928 1312 981 1367 2),
1029 1314 1292 1355 extrinsecus
1322 1329 1397 1356 nos
1429 1316 1620 1371 accipere
1653 1316 1764 1372 quod

136 1391 252 1432 visus
286 1405 455 1432 sensum
485 1395 680 1445 moveat,
715 1391 934 1432 docebant.

195 1475 269 1512 Δεῖ
301 1468 341 1512 δὲ
374 1473 436 1512 καὶ
471 1469 654 1522 νομίζειν
673 1502 684 1520 ,
716 1469 775 1511 ait
806 1468 1016 1524 Epicurus
1035 1473 1093 1524 3),
1133 1471 1386 1518 ἐπεισιόντος
1417 1471 1532 1519 τινὸς
1564 1469 1648 1513 ἀπὸ
1679 1474 1764 1513 τῶν

134 1546 318 1601 ἴξωὲεν,
365 1547 439 1599 τᾶς
483 1546 648 1603 μορφάς
686 1550 791 1603 ὁρᾶν
824 1549 931 1600 ἡμᾶς
963 1551 1024 1589 καὶ
1059 1546 1338 1590 ὃιανοεῖσὲῖαιε
1389 1547 1467 1589 hoe
1500 1552 1642 1589 autem
1674 1548 1764 1589 fieri

138 1641 217 1667 non
242 1630 380 1682 potest
401 1626 482 1667 nisi
503 1626 758 1681 imaginibus
780 1625 1051 1682 quibusdam,
1085 1639 1192 1681 quae
1217 1625 1384 1666 easdem
1406 1625 1590 1667 habeant
1611 1626 1765 1667 formas

139 1705 393 1761 eosdemque
440 1705 598 1746 colores
644 1709 769 1760 atquc
816 1719 882 1746 res
919 1704 1030 1745 unde
1063 1704 1301 1745 demanant.
1365 1704 1471 1746 Cum
1503 1705 1546 1745 in
1578 1705 1764 1746 tenebris

137 1797 227 1825 rem
258 1783 468 1839 quandam
499 1783 739 1838 tangimus,
773 1783 873 1824 dicit
903 1787 1028 1838 poeta
1058 1782 1293 1837 interpres,
1341 1782 1631 1837 cognoscimus
1664 1797 1762 1824 ean-

141 1862 238 1903 dem
269 1876 362 1904 eam
393 1861 549 1903 habere
581 1861 780 1915 formam,
822 1875 928 1917 quae
960 1861 1127 1902 videtur
1157 1861 1201 1901 in
1232 1861 1349 1902 luce:
1398 1860 1604 1902 consimili
1635 1860 1765 1916 igitur

142 1954 267 1982 causa
297 1943 434 1982 tactus
466 1943 592 1996 atque
622 1939 737 1980 visus
769 1938 1020 1980 afficiuntur.

198 2017 295 2059 Non
341 2031 561 2073 possumus
601 2030 701 2071 ergo
746 2016 829 2057 nisi
874 2015 1107 2058 simulacris
1149 2030 1174 2056 a
1218 2014 1344 2056 rebus
1381 2015 1578 2071 profectis
1610 2015 1767 2057 videre.

143 2096 283 2144 Quum
305 2099 447 2137 autem
468 2095 598 2136 oculis
618 2094 833 2148 videmus,
865 2094 1071 2149 imagines
1095 2097 1260 2134 tantum
1284 2093 1502 2148 percipere
1524 2107 1768 2149 possumus,

144 2174 179 2215 si
225 2174 367 2215 oculos
406 2173 611 2215 vertimus
657 2172 709 2213 ad
740 2187 789 2213 ca
821 2187 1016 2227 corpora,
1064 2171 1175 2213 unde
1210 2171 1424 2226 profectae
1456 2175 1553 2211 sunt
1583 2171 1769 2227 undique

144 2251 187 2292 in
230 2265 374 2292 omnes
405 2254 559 2306 partes.
620 2249 875 2291 Distantiam
907 2263 1030 2304 porro
1062 2261 1203 2289 rerum
1237 2261 1488 2302 cognoscere
1521 2262 1770 2303 possumus,

144 2329 243 2386 quia
274 2329 371 2370 illae
402 2329 628 2383 imagines,
661 2343 685 2369 a
717 2328 958 2383 corporibus
988 2327 1225 2383 profectae,
1259 2340 1429 2380 aerem,
1462 2326 1533 2382 qui
1565 2331 1629 2367 est
1660 2327 1771 2367 inter

146 2422 320 2463 corpora
365 2411 407 2448 et
449 2407 589 2448 oculos
632 2410 821 2459 nostros,
864 2405 1115 2461 protrudunt
1155 2418 1289 2460 usque
1339 2404 1438 2445 dum
1469 2408 1665 2460 penetret
1695 2418 1785 2460 per

146 2490 309 2527 nostras
331 2486 463 2527 acies:
486 2499 567 2541 quo
589 2485 723 2540 magis
746 2484 902 2526 distant
923 2497 1112 2539 corpora,
1135 2496 1184 2524 eo
1211 2483 1400 2537 „longior
1423 2483 1552 2524 aura'⁷
1574 2483 1772 2538 propulsa

192 2661 216 2701 1)
265 2660 306 2692 D.
331 2660 369 2692 L.
393 2660 437 2691 X.
463 2661 524 2698 49,
558 2660 598 2692 οὐ
633 2660 696 2700 γὰρ
727 2659 770 2690 ἂν
803 2658 1132 2700 ἐναποσφραγίσαιτο
1163 2660 1204 2690 τὰ
1227 2658 1287 2693 ἔξω
1310 2660 1374 2696 τήν
1397 2657 1524 2689 ἑαυτῶν
1548 2656 1648 2691 φύσιν
1669 2681 1772 2691 .....

148 2722 221 2755 οὐδὲ
246 2722 297 2754 διὰ
323 2725 389 2754 τῶν
412 2722 558 2753 ἀκτίνων
581 2722 601 2761 ἢ
618 2720 824 2759 οἱωνδὴποτε
848 2720 1019 2762 ῥευμάτων
1035 2720 1089 2761 ἀφ’
1111 2720 1204 2762 ἡμῶν
1221 2723 1307 2761 πρὸς
1324 2719 1432 2751 ἐκεῖνα
1454 2719 1732 2760 παραγινομένων
1746 2742 1772 2750 ..

149 2785 198 2817 Cf.
223 2785 311 2819 Plut.
333 2784 415 2826 plac.
441 2784 489 2816 IV
503 2809 511 2823 ‚
537 2786 591 2822 13,
617 2785 672 2826 qui
694 2783 802 2815 inuria
825 2783 1054 2824 Empedoclem
1078 2784 1162 2815 inter
1185 2793 1240 2815 eos
1263 2786 1419 2815 numerat.
1446 2782 1545 2814 Arist.
1574 2782 1613 2814 de
1629 2792 1726 2814 sensu
1742 2785 1774 2813 et

151 2847 318 2887 sensibili,
343 2858 412 2888 cap.
437 2849 466 2878 2.
491 2847 653 2888 Theophr.
678 2847 716 2878 de
741 2847 846 2879 Sensu
870 2848 897 2879 7.

197 2911 222 2952 ²)
271 2910 460 2943 Macrobius
485 2910 550 2944 Sat.
573 2910 666 2949 VII,
693 2913 752 2949 14,
777 2912 807 2944 5.
852 2910 982 2942 Lucret.
1008 2909 1067 2942 IV.
1093 2911 1164 2942 230.

196 2974 222 3014 ³)
270 2973 311 3004 D.
337 2973 375 3005 L.
400 2974 442 3004 X.
467 2975 517 3004 49.
