1894 3235
828 126 905 165 105

66 263 214 300 temus.
273 259 383 300 Nam
428 259 538 300 bene
589 259 659 314 qui
692 259 875 300 didicere
909 259 1007 300 deos
1038 272 1231 299 securum
1264 270 1391 311 agere
1423 269 1597 307 aevom,
1645 255 1679 295 si

66 340 206 378 tamen
241 337 406 378 interea
447 337 652 377 mirantur
694 351 775 391 qua
805 337 965 377 ratione
997 349 1187 391 quaeque
1219 335 1309 389 geri
1340 334 1528 389 possint,
1560 345 1678 387 prae-

65 414 208 455 sertim
252 415 377 455 rebus
419 415 461 455 in
504 415 614 466 illis,
662 428 766 469 quae
799 428 950 469 supera
981 418 1105 469 caput
1143 412 1342 455 aetheriis
1375 415 1604 452 cernuntur
1634 409 1678 449 in

66 492 169 545 oris,
214 506 356 533 rursus
396 493 439 532 in
480 492 671 547 antiquas
702 492 938 532 referuntur
969 492 1221 546 religiones,
1269 495 1310 531 et
1343 489 1530 530 dominos
1561 500 1677 529 acres

64 568 328 622 adsciscunt,
376 569 515 610 omnia
545 583 665 624 posse
697 584 799 624 quos
831 570 970 610 miseri
1004 569 1208 621 credunt,
1257 567 1391 622 ignari
1423 565 1522 621 quid
1553 568 1679 620 queat

66 659 184 699 esse,
232 646 331 702 quid
376 651 585 701 nequeat,
633 646 750 686 finita
781 651 965 701 potestas
997 647 1175 702 denique
1207 646 1356 700 cuique
1388 658 1469 699 qua
1499 657 1595 684 nam
1627 642 1679 683 sit

65 722 227 763 ratione
257 727 383 778 atque
416 724 500 764 alte
532 724 735 764 terminus
766 723 970 764 haerens''
993 724 1029 776 ¹).

120 798 363 855 Antequam
403 804 544 841 tamen
576 800 629 841 ad
661 806 905 842 enumerata
935 804 1184 855 argumenta
1215 797 1466 854 exponenda
1496 801 1680 837 transea-

63 890 178 930 mus,
227 877 449 919 dicendum
481 883 544 919 est
576 878 626 919 de
658 893 717 919 vs.
756 880 1000 931 llo—235,
1049 879 1119 934 qui
1150 882 1296 933 postea
1327 891 1351 917 a
1382 875 1579 917 Lucretio
1611 874 1680 915 ad-

65 955 210 1010 scripti
256 955 339 996 sint
384 970 554 997 necesse
603 961 677 996 est.
740 957 791 997 In
836 956 915 997 hac
960 960 1079 1011 parte
1123 955 1234 996 enim
1265 954 1419 995 refellit
1451 953 1680 994 doctrinam

65 1032 422 1074 adversariorum:
469 1034 596 1088 vulgo
630 1033 833 1074 eiusmodi
864 1033 1138 1074 refutationes
1170 1037 1263 1088 post
1295 1032 1531 1086 expositam
1563 1043 1680 1070 suam

67 1109 296 1151 doctrinam
333 1111 530 1164 collocat,
561 1118 701 1152 nostro
737 1112 850 1163 loco,
886 1111 920 1151 si
957 1111 1165 1151 codicibus
1194 1110 1296 1150 fides
1319 1114 1404 1162 est,
1445 1107 1680 1164 praemisit3

65 1186 138 1228 sed
169 1187 260 1228 luce
294 1192 356 1228 est
388 1188 538 1228 clarius
569 1187 645 1228 hos
677 1201 820 1228 versus
851 1187 919 1228 hic
950 1202 1034 1228 non
1066 1202 1186 1228 suum
1218 1187 1356 1227 locum
1377 1186 1554 1228 habere:
1587 1188 1682 1240 post

63 1265 218 1306 librum
265 1266 464 1321 scriptum
511 1281 536 1307 a
581 1270 706 1321 poeta
748 1266 922 1307 fortasse
970 1280 1157 1307 seorsum
1204 1266 1247 1305 in
1295 1263 1542 1320 quibusdam
1573 1263 1682 1303 foliis

65 1347 162 1383 sunt
210 1343 378 1398 scripti,
421 1357 526 1399 quae
559 1358 632 1384 suo
664 1344 754 1384 loco
785 1344 1082 1385 insererentur.
1143 1343 1455 1397 Argumentum
1487 1345 1548 1382 est
1579 1340 1680 1381 hoc:

68 1419 274 1471 „sanctius
305 1424 346 1460 et
375 1421 507 1461 multo
540 1425 652 1461 certa
682 1421 843 1461 ratione
874 1421 1008 1475 magis
1039 1434 1163 1475 quam
1185 1419 1364 1474 Pythia,
1388 1432 1494 1474 quae
1516 1417 1681 1472 tripode

65 1510 90 1537 a
119 1495 282 1537 Phoebi
312 1497 512 1553 lauroque
544 1498 758 1553 profatur”
777 1497 805 1549 ²)
839 1497 1030 1538 ostendet
1061 1502 1186 1552 poeta
1216 1496 1326 1537 1111110
1350 1496 1552 1536 mundum
1577 1495 1682 1536 eius-

67 1587 147 1628 que
179 1578 319 1628 partes
349 1589 484 1630 neque
516 1589 607 1616 esse
639 1576 890 1616 immortalia
919 1589 1056 1630 neque
1091 1574 1262 1615 divina:
1306 1579 1449 1614 contra
1481 1572 1683 1613 eiusmodi

67 1656 189 1703 sunt,
222 1656 268 1691 ut
303 1653 519 1704 „notitiam
550 1654 710 1708 possint
732 1653 962 1708 praebere,
994 1652 1093 1708 quid
1115 1653 1166 1693 sit
1190 1652 1308 1693 vitali
1338 1656 1454 1691 motu
1476 1663 1684 1705 sensuque

65 1726 362 1782 remotum⁷'³).
436 1730 638 1771 Animum
684 1745 766 1771 non
809 1730 936 1771 habet
988 1730 1168 1770 mundus
1185 1729 1248 1782 4),
1301 1729 1481 1784 „quippe
1529 1728 1685 1768 etenim

65 1819 149 1846 non
180 1810 265 1859 est,
299 1821 393 1847 011111
424 1808 570 1863 quovis
602 1822 773 1863 corpore
819 1812 866 1848 ut
898 1822 987 1848 esse
1020 1822 1141 1863 posse
1174 1807 1303 1848 animi
1334 1811 1484 1847 natm-a
1514 1810 1686 1861 putetur

67 1882 421 1938 consiliumque'':
469 1899 589 1925 suum
635 1898 825 1940 quaeque
866 1898 933 1925 res
975 1884 1104 1925 habet
1151 1885 1290 1925 locum
1336 1883 1408 1924 ubi
1455 1883 1604 1924 crescit
1643 1886 1685 1923 et

67 1959 186 2000 vivit.
247 1960 432 2002 Mundus
469 1975 563 2002 cum
594 1962 819 2003 animalem
848 1962 1024 2002 formam
1056 1976 1140 2002 non
1170 1960 1324 2002 habeat
1355 1960 1494 2001 anima
1526 1963 1567 2000 et
1598 1959 1685 2000 vita

38 2079 40 2081 ,
69 2040 132 2078 est
172 2037 359 2091 privatus
394 2052 530 2093 neque
563 2039 727 2080 divinus
744 2040 786 2092 ⁵).
852 2039 987 2091 „sslud
1018 2039 1119 2079 item
1150 2053 1234 2078 non
1266 2042 1328 2078 est
1358 2042 1405 2078 ut
1435 2037 1568 2092 possis
1599 2050 1685 2077 cre-

69 2115 194 2169 dere,
234 2117 353 2158 sedes
414 2132 503 2159 esse
535 2118 659 2158 deum
691 2122 854 2158 sanctas
886 2118 929 2158 111
961 2117 1106 2158 mundi
1139 2117 1329 2172 partibus
1358 2116 1498 2167 ullis'’,
1530 2115 1685 2170 quippe

67 2207 175 2249 quae
206 2208 289 2235 non
322 2209 416 2236 cum
449 2195 620 2236 deorum
651 2200 801 2237 natura
832 2197 1085 2237 conveniant
1103 2195 1144 2248 G).
1211 2195 1386 2247 „Dicere
1409 2208 1531 2249 porro
1554 2193 1686 2234 homi-

69 2285 171 2311 num
213 2286 337 2313 causa
377 2273 557 2314 voluisse
603 2273 730 2326 (deos)
773 2288 920 2329 parare
967 2274 1227 2329 praeclaram
1274 2272 1419 2313 mundi
1463 2275 1685 2324 naturam,

113 2493 138 2532 ¹)
181 2492 221 2524 V.
248 2493 382 2526 78--90.

110 2555 140 2594 2)
183 2555 240 2586 Vs.
267 2558 337 2587 111.

110 2617 135 2655 ³)
179 2617 236 2649 Vs.
264 2620 333 2649 125.

111 2679 136 2718 4)
183 2680 329 2712 Eismodi
351 2680 430 2722 qnid
453 2682 560 2713 deesse
583 2682 664 2713 mihi
686 2682 816 2714 videtur
838 2682 873 2714 in
895 2682 955 2714 hoc
979 2686 1192 2723 argumento:
1219 2693 1323 2713 nexus
1347 2693 1394 2713 vs.
1421 2683 1479 2712 126
1503 2692 1577 2712 cum
1592 2692 1684 2722 prae-

69 2741 258 2773 cedentibus
279 2753 344 2773 non
367 2743 445 2774 satis
468 2747 516 2774 est
538 2744 738 2784 perspicuus.

114 2804 140 2844 5)
188 2804 243 2836 Vs.
271 2808 447 2837 llo—145.

110 2866 136 2908 6)
183 2867 238 2899 Vs.
277 2870 335 2899 155
367 2868 446 2900 dicit
478 2873 572 2910 pocta
605 2880 638 2900 se
667 2870 826 2910 posterius
863 2871 974 2911 „largo
1008 2871 1172 2902 sermone'
1204 2870 1335 2901 uberius
1359 2871 1397 2901 de
1412 2869 1472 2901 hoc
1495 2873 1686 2910 argumento

69 2928 292 2969 expositurum
328 2941 395 2962 esse
410 2955 418 2969 ‚
455 2933 540 2972 quod
572 2937 681 2962 tamen
703 2932 896 2972 promissum
919 2943 1079 2973 nusquam
1103 2932 1255 2963 servavit.
1303 2932 1384 2963 Cum
1409 2942 1448 2962 ex
1470 2932 1531 2963 hoc
1553 2935 1623 2962 tum
1646 2943 1686 2963 ex

68 2992 278 3030 praecedente
300 2997 378 3024 nota
401 2994 546 3025 conice-re
567 2994 643 3025 licet
655 3018 663 3032 ‚
688 2999 815 3034 poetam
837 2994 872 3025 in
887 2995 947 3025 has·
964 2998 1053 3034 parte
1071 2994 1175 3034 open's
1192 2995 1385 3025 elaboranda
1401 2994 1592 3034 impeditum
1608 3005 1686 3026 esse.
