1894 3235
950 88 1003 128 64

159 220 310 262 melius
350 220 588 262 videremus
630 221 761 262 oculis
793 221 948 262 evulsis
968 223 1005 275 ²).
1038 222 1233 278 Denique
1266 223 1363 275 (396
1397 224 1525 278 seqq.)
1558 222 1669 278 quod
1699 223 1782 264 iam

161 313 183 340 e
231 299 422 354 superius
467 299 587 341 dictis
633 299 822 355 sequitur
862 300 1016 355 repetit
1047 300 1321 356 philosophus
1353 305 1522 353 noster,
1555 306 1602 341 ut
1631 301 1783 342 melius

161 377 356 419 inculcet.
406 378 545 419 Pluris
573 378 775 418 momenti
807 377 860 418 ad
891 378 1021 419 vitam
1053 383 1116 420 est
1147 379 1310 420 animus
1342 392 1466 434 quam
1489 379 1655 432 anima,
1687 392 1784 420 nam

163 456 252 497 sine
289 456 427 497 animo
459 456 599 497 anima
629 456 672 496 in
705 469 876 511 corpore
909 470 998 497 esse
1030 471 1112 497 non
1144 461 1308 512 potest,
1355 460 1422 509 „at
1453 460 1595 497 manet
1626 456 1668 510 in
1698 456 1786 498 vita

164 533 231 574 0111
275 547 394 574 mens
441 533 689 588 animusque
720 533 963 574 remansit’'.
1025 533 1218 574 Membra
1248 534 1378 589 plura
1400 547 1576 589 cumque
1607 533 1659 573 iis
1690 546 1786 588 pars

163 612 328 652 animae
361 610 557 652 dissecari
589 614 776 666 possunt,
809 625 904 651 011111
936 615 1076 652 tamen
1108 611 1196 652 vita
1215 615 1397 665 maneat,
1420 612 1518 667 quia
1538 611 1702 652 animus
1723 614 1786 652 est

163 690 342 744 integer.
405 689 630 731 Oculorum
674 689 780 730 aciei
827 689 1005 730 afferens
1037 690 1280 745 exemplum
1312 690 1494 732 illustrat
1525 694 1650 745 poeta
1679 703 1786 745 quae

163 767 448 823 praecedunt:
492 767 601 808 oculi
648 767 758 808 acies
804 767 847 808 in
879 767 1041 823 pupilla
1071 768 1151 808 sita
1183 768 1309 808 etiam
1341 769 1373 809 si
1409 768 1520 809 orbis
1550 769 1786 821 laceratur,

163 860 246 887 non
291 845 477 901 peribit,
523 845 645 886 modo
692 859 745 886 ne
788 845 931 886 orbem
977 850 1111 886 totum
1158 860 1426 901 corrumpas:
1470 851 1536 898 „at
1568 846 1598 886 si
1625 845 1789 886 tantula

163 937 258 978 pars
299 923 407 964 oculi
447 922 587 964 media
626 923 698 964 illa
739 937 887 978 peresa
928 927 1013 976 est,
1061 923 1212 964 occidit
1244 924 1458 979 extemplo
1499 924 1641 965 lumen
1672 928 1788 964 tene-

162 1001 346 1057 braeque
389 1002 656 1055 secuntu1·'’¹).
719 1001 839 1042 Haec
880 1001 1019 1042 omnia
1064 1001 1188 1056 plane
1221 1002 1445 1042 concinunt
1476 1016 1570 1043 011111
1602 1002 1790 1043 doctrina

163 1079 349 1135 Epicuri.
411 1079 572 1120 Iniuria
603 1093 770 1135 quoque
812 1079 986 1120 Lachm.
1025 1083 1067 1120 et
1099 1079 1224 1120 Bern.
1258 1093 1317 1120 vs.
1351 1081 1546 1121 350—95
1578 1080 1696 1121 uncis
1727 1079 1789 1120 in-

164 1157 404 1199 cluserunt:
441 1157 499 1210 „si
520 1171 579 1198 vs.
603 1159 684 1198 396
709 1171 821 1213 seqq.
846 1158 985 1198 versui
1008 1159 1089 1198 349
1113 1157 1310 1199 continuo
1333 1157 1619 1211 subiciuntur,
1651 1157 1791 1198 omnia

165 1235 501 1277 commodissime
544 1235 778 1291 procedunt
797 1235 834 1289 ‚’'
868 1236 1032 1291 scripsit
1064 1235 1251 1276 Lachm:
1285 1236 1457 1276 mimine
1489 1240 1603 1277 recte
1634 1240 1788 1276 tamen.

164 1314 275 1355 Nam
306 1315 397 1370 ipsa
428 1314 600 1370 Epicuri
632 1314 762 1355 verba
793 1314 904 1369 apud
936 1314 988 1355 D.
1022 1314 1070 1356 L.
1106 1313 1161 1355 X.
1196 1315 1247 1354 63
1282 1328 1392 1370 seqq.
1418 1328 1544 1370 quae,
1567 1328 1662 1354 cum
1682 1313 1790 1356 hanc

166 1392 217 1433 ob
251 1406 432 1445 causam,
465 1395 555 1432 tum
586 1396 632 1432 ut
654 1391 868 1446 superiore
890 1392 980 1447 1000
1006 1391 1116 1432 dicta
1134 1392 1373 1445 illustrent,
1406 1392 1790 1448 transscripsimus,

165 1469 345 1511 eundem
363 1469 567 1525 praebent
582 1469 770 1510 ordinem
790 1484 798 1510 ε
833 1473 894 1512 καὶ
912 1472 993 1523 μὴν
1012 1474 1074 1512 καὶ
1095 1473 1155 1512 ὅτι
1174 1471 1256 1527 ἔχει
1279 1472 1302 1519 ἡ
1325 1473 1441 1527 ψυχὴ
1466 1478 1537 1520 τῆς
1559 1473 1792 1520 αἰσθήσεως

165 1550 240 1597 τὴν
283 1548 484 1597 πλείστην
528 1550 684 1601 αἰτίαν,
734 1546 793 1590 δεῖ
833 1550 1015 1604 κατέχειν
1057 1546 1285 1601 (596.97).
1349 1549 1410 1590 Οὐ
1442 1550 1523 1601 μὴν
1556 1548 1711 1604 εἰλήφει
1741 1548 1792 1590 ἂν

165 1629 346 1680 ταύτην,
380 1629 409 1669 εἶ
442 1628 495 1679 μὴ
529 1627 609 1668 ὑπὸ
642 1631 716 1669 τοῦ
750 1627 902 1669 λοιποῦ
935 1628 1220 1682 ἀθροίσματος
1252 1626 1496 1681 ἐστεγάζετό
1527 1640 1647 1678 πως·
1673 1627 1720 1668 τὸ
1751 1623 1791 1669 δὲ

165 1705 318 1746 λοιπὸν
362 1706 568 1760 ἄθροισμα
615 1706 934 1760 παρασκευάσαν
976 1707 1050 1754 τὴν
1098 1707 1230 1747 αἰτίαν
1276 1706 1427 1753 ταύτην
1472 1706 1684 1760 μετείληφε
1728 1707 1793 1746 καὶ

166 1783 266 1826 αὐτὸ
307 1786 498 1825 τοιούτου
540 1784 843 1837 συμπτώματος
888 1784 983 1838 παρ’
1025 1785 1205 1832 ἐκείνης,
1253 1783 1302 1824 οὐ
1333 1784 1469 1835 μέντοι
1501 1783 1694 1832 πάντων,
1735 1783 1793 1824 ὧν

167 1861 294 1910 ἐκείνη
327 1862 519 1909 κέκτηται.
554 1861 631 1902 Διὸ
663 1860 984 1916 ἀπαλλαγεὶσης
1016 1867 1087 1909 τῆς
1119 1866 1259 1916 ψυχῆς
1290 1860 1365 1901 οὐκ
1387 1859 1562 1915 ἐ’χειτὴν
1582 1859 1791 1908 αἴσθησιν·

167 1936 280 1991 (556)
323 1939 371 1979 οὐ
420 1939 501 1994 γὰρ
549 1939 649 1980 αὐτὸ
693 1941 735 1980 ἐν
777 1940 903 1994 ἑαυτῷ
951 1940 1102 1986 ταύτην
1134 1940 1316 1986 ἐκέκτητο
1347 1939 1423 1986 τὴν
1456 1935 1652 1990 δύναμιν,
1694 1935 1792 1979 ἀλλ’

167 2017 284 2071 ἑτέρα,
319 2015 399 2065 ἅμα
433 2019 776 2072 συγγεγενημένῳ
797 2017 906 2072 αὐτῷ
936 2015 1233 2070 παρεςκεὺαζεν
1267 2013 1405 2068 (557),
1439 2015 1460 2056 ὃ
1494 2013 1557 2056 διὰ
1595 2021 1666 2066 τῆς
1699 2033 1794 2056 συν-

169 2093 435 2144 τελεσθείσης
466 2097 557 2150 περὶ
590 2095 690 2136 αὐτὸ
723 2093 934 2148 δυνάμεως
967 2096 1065 2135 κατὰ
1097 2095 1172 2142 τὴν
1204 2096 1364 2142 κίνησιν
1396 2095 1625 2146 σῦμπτωπα
1647 2094 1793 2141 αἰσθη-

167 2172 280 2213 τικὸν
313 2172 435 2221 εὐθὺς
470 2172 734 2225 ἀποτελοῦν,
774 2174 901 2228 ἑαυτῷ
923 2169 1119 2214 ἀπεδίδου
1142 2172 1239 2212 κατὰ
1263 2172 1338 2219 τὴν
1362 2172 1588 2225 ὁμούρησιν
1611 2173 1674 2212 καὶ
1698 2188 1794 2222 συμ-

167 2251 344 2292 πάθειαν
363 2253 425 2291 καὶ
445 2252 596 2306 ἐκεῖνα,
620 2251 803 2306 καθάπερ
823 2250 940 2292 εἶπον
957 2247 1230 2303 &BG—570).
1250 2249 1327 2290 Διὸ
1347 2246 1395 2297 δὴ
1415 2251 1476 2290 καὶ
1497 2249 1793 2304 ἐνυπάρχουσα

168 2329 193 2377 ἡ
226 2328 342 2383 ψυχὴ
374 2326 569 2371 οὐδέποτε
589 2360 600 2379 a
633 2328 771 2370 ἄλλου
803 2329 916 2377 τινὸς
947 2330 1097 2384 μέρους
1129 2326 1456 2382 ἀπηλλαγμένου
1476 2360 1486 2376 ,
1525 2327 1790 2378 ἀναισθητεῖ,

218 2532 238 2573 ¹)
286 2531 368 2563 Erat
396 2530 476 2562 haec
508 2529 670 2562 Heracliti
693 2529 858 2562 doctrina:
886 2529 1005 2561 Sextus
1028 2529 1101 2560 adv.
1126 2529 1224 2560 math.
1250 2529 1341 2561 VII:
1379 2531 1459 2560 130:
1486 2529 1522 2560 ἐν
1545 2528 1576 2561 δὲ
1601 2529 1794 2571 ἐγρηγορόσι

171 2596 280 2628 πάλιν
305 2595 356 2626 διὰ
383 2599 450 2626 τῶν
474 2594 679 2632 αἰσθητίκῶν
703 2595 818 2634 πόρων
839 2594 948 2634 ὥσπερ
966 2592 1019 2624 διὰ
1036 2605 1137 2625 τινων
1153 2591 1299 2634 θυρίδων
1317 2591 1494 2633 προκύψας
1513 2592 1540 2630 (ὁ
1558 2592 1593 2623 ἐν
1611 2591 1688 2632 ἡμῖν
1704 2593 1793 2629 νοῦς)

171 2660 226 2691 καὶ
250 2660 297 2700 τῷ
321 2657 513 2699 περιέχοντι
537 2656 722 2697 συμβαλὼν
746 2657 886 2698 λογικὴν
910 2655 1061 2688 ἐνδύεται
1084 2655 1238 2696 δύναμιν.
1284 2655 1370 2686 Eum
1388 2655 1496 2686 Strato
1512 2658 1544 2686 et
1561 2654 1794 2686 Aenesidemus

170 2721 274 2754 secuti
297 2731 366 2753 esse
389 2721 561 2752 videntur:
589 2719 678 2751 Sext.
702 2718 724 2749 1.
748 2718 768 2749 1.
795 2720 855 2750 350
880 2729 954 2750 cum
979 2718 1090 2750 Cicero
1114 2718 1210 2750 Tusc.
1236 2718 1252 2750 Ι
1267 2742 1275 2756 ,
1300 2720 1339 2749 46
1365 2728 1493 2759 quoque
1516 2717 1599 2748 hanc
1611 2715 1795 2757 opinionem

171 2784 271 2816 fovet.
317 2782 490 2815 Lucretius
521 2782 576 2814 hic
608 2792 675 2813 non
708 2782 837 2812 nomine
874 2780 997 2812 indicat
1034 2780 1264 2812 Heraclitum:
1299 2784 1385 2812 certe
1415 2790 1489 2812 eum
1514 2789 1578 2811 non
1600 2779 1703 2820 1egit;
1739 2778 1797 2810 illa

171 2844 278 2886 imago
301 2845 429 2886 saepius
445 2844 484 2876 ab
502 2843 670 2876 Heraclito
685 2846 862 2884 usurpatur
877 2854 883 2874 :
909 2843 964 2874 sed
979 2846 1088 2874 noster
1098 2866 1106 2881 ,
1131 2846 1168 2874 ut
1183 2842 1283 2884 vulgo
1300 2853 1375 2874 cum
1391 2840 1590 2873 adversarios
1606 2844 1773 2882 oppugnat
1785 2865 1794 2880 ,

172 2907 242 2940 ioco
265 2909 402 2950 quodam
427 2907 599 2940 ridiculam
621 2906 727 2939 reddit
750 2906 946 2948 imaginem,
971 2906 1010 2938 de
1033 2905 1157 2938 foribus
1181 2909 1214 2938 et
1230 2907 1332 2946 postis
1355 2915 1430 2937 cum
1451 2904 1614 2946 loquatur.

215 2971 244 3012 2)
291 2973 375 3010 413,
402 2973 451 3002 14.
