1894 3235
861 154 910 193 31

80 290 406 342 componentes,
439 288 648 341 σπέρματα
678 285 747 325 vel
784 289 975 342 χρήματα
1004 285 1230 327 vocaverit.
1264 285 1324 327 Ta*
1358 287 1575 340 ὁμοιομερῆ
1591 298 1693 325 non-

80 364 178 405 dum
224 364 335 419 apud
376 364 598 405 Platonem
639 363 880 403 invenitur:
920 363 971 404 ab
1002 363 1232 404 Aristotele
1263 362 1397 417 primo
1428 366 1490 402 est
1521 376 1693 416 usurpa-

78 445 195 482 tum:
244 443 268 490 ἡ
317 443 570 496 ὁμοιομέρεια
617 444 658 480 et
704 442 743 481 αἱ
792 443 1059 495 ὁμοιομέρειαι
1105 438 1217 494 apud
1246 438 1497 494 posteriores
1529 442 1693 480 tantum

78 518 344 574 reperiuntur
367 518 603 573 scriptores.
637 541 690 546 —
723 517 807 558 Sed
836 517 878 557 in
910 530 954 557 re
986 522 1072 557 tam
1095 516 1296 569 obscura,
1330 515 1495 556 difficile
1518 524 1580 556 est
1600 529 1694 570 pro-

78 596 204 650 bare,
251 596 350 651 quid
390 609 537 636 verum
584 595 649 635 sit.
711 595 805 635 Hoc
852 598 995 635 autem
1026 608 1100 635 nos
1132 593 1361 635 ostendisse
1408 593 1442 634 si
1473 593 1692 646 videmur,

78 674 183 715 nihil
225 688 342 727 esse,
376 673 486 729 quod
528 678 677 727 cogat,
724 678 770 713 ut
802 676 1033 713 statuamus
1063 677 1231 727 poetam
1263 672 1529 713 Clazomenio
1560 671 1694 727 philo-

79 751 208 807 sopho
239 752 319 807 ipsi
351 751 582 803 studuisse,
616 751 689 791 sed
720 756 863 791 contra
885 750 1112 791 verisimile
1135 763 1224 790 esse
1239 782 1249 802 ,
1278 763 1397 802 eum,
1420 763 1526 805 quae
1549 763 1603 790 ex
1623 749 1694 789 illo

78 830 234 885 profert
264 844 318 870 ex
349 829 496 870 eodem
527 829 662 881 fonte,
695 843 775 884 quo
808 833 970 881 cetera,
1002 828 1217 881 hausisse,
1250 828 1333 869 iam
1354 828 1454 869 satis
1475 827 1567 868 erit.
1600 827 1695 868 Hoc

77 910 241 947 tantum
281 906 452 961 insuper
482 905 887 958 animadvertamus,
919 905 1123 960 primum,
1161 905 1406 945 Lucretium
1438 906 1527 960 (per
1557 905 1695 945 iocum

77 988 124 1024 ut
169 983 288 1025 nobis
337 984 520 1037 videtur)
568 983 741 1024 minime
788 987 902 1024 recte
953 988 1101 1038 putare
1150 982 1450 1036 Anaxagoram
1507 982 1695 1022 docuisse

81 1074 198 1112 „ossa
247 1074 269 1101 e
316 1061 515 1115 pauxillis
562 1066 686 1115 atque
732 1060 906 1100 minutis
949 1060 1109 1100 ossibus
1150 1064 1192 1100 et
1243 1059 1292 1100 de
1339 1059 1537 1114 pauxillis
1568 1064 1695 1114 atque

77 1138 249 1178 minutis
290 1138 519 1179 visceribus
554 1138 692 1178 viscus
728 1137 871 1191 gigni⁷'
905 1138 978 1190 (vs.
1012 1138 1122 1190 835,
1171 1138 1241 1190 36)
1275 1137 1386 1192 quod
1417 1137 1696 1191 Anaxagoras

76 1230 159 1258 non
192 1216 359 1269 docuit;
407 1215 556 1256 deinde
589 1229 684 1256 eum
717 1229 855 1256 errare
886 1220 1106 1270 putantem
1153 1216 1254 1268 (864
1292 1216 1421 1270 seqq.)
1469 1215 1695 1269 Anaxago-

76 1309 165 1336 ram
197 1308 343 1335 omnes
374 1307 440 1334 res
471 1306 754 1349 quascumque
787 1306 809 1333 e
842 1292 906 1332 sui
938 1292 1102 1346 generis
1128 1292 1279 1333 atomis
1301 1306 1568 1347 componere,
1601 1306 1696 1333 cum

76 1372 307 1413 Aristotele
339 1376 446 1412 teste
479 1371 594 1423 (vide
626 1375 768 1412 notam
801 1371 942 1425 supra)
977 1374 1019 1410 et
1048 1369 1277 1411 Plutarcho
1309 1370 1428 1425 (plac.
1461 1370 1494 1411 I.
1530 1372 1568 1411 3.
1601 1373 1697 1422 ὁμο-

76 1450 282 1506 λογητέον
328 1452 438 1491 ἐστὶν
484 1452 546 1491 ὅτι
591 1451 632 1491 ἐν
674 1453 723 1504 τῇ
763 1452 898 1504 τροφῇ
928 1452 976 1504 τῇ
1007 1451 1322 1504 προσφερομένῃ
1364 1449 1498 1490 πάντα
1532 1452 1614 1490 ἐστὶ
1648 1448 1697 1490 τᾶ

77 1530 192 1581 ὄντα)
231 1527 440 1580 docuerit,
485 1527 613 1568 etiam
645 1540 736 1567 esse
766 1539 860 1578 res,
909 1538 1016 1580 quae
1047 1525 1368 1566 commixtiones
1401 1526 1482 1566 sint
1512 1525 1698 1580 plurium

78 1606 393 1647 elementorum.
454 1605 569 1646 Num
616 1603 719 1645 haec
751 1603 855 1644 vitia
886 1617 940 1643 ex
972 1602 1154 1657 Epicuro
1185 1602 1396 1656 hauserit,
1440 1603 1696 1644 dubitamus.

134 1683 252 1731 Quae
296 1697 419 1738 porro
451 1687 595 1724 contra
625 1681 927 1736 Empedoclem
968 1681 1134 1735 scripsit
1164 1681 1467 1735 praeterimus,
1500 1681 1695 1736 quoniam

76 1761 120 1801 in
151 1760 421 1816 sequentibus
451 1760 569 1800 libris
600 1773 724 1814 saepe
758 1759 1046 1814 opportunitas
1077 1758 1197 1799 nobis
1229 1758 1396 1799 dabitur
1426 1759 1694 1814 inquirendi,

77 1852 178 1879 num
215 1838 254 1879 ei
285 1837 534 1893 philosopho
566 1841 708 1877 noster
739 1850 812 1877 suo
842 1844 976 1876 marte
1009 1849 1179 1891 operam
1211 1836 1396 1889 dederit,
1429 1836 1539 1891 quod
1570 1837 1604 1876 si
1634 1837 1695 1877 ita

79 1920 164 1969 est,
196 1915 429 1956 cuiusmodi
461 1915 543 1956 sint
573 1928 679 1970 quae
712 1928 766 1955 ex
797 1914 868 1955 illo
900 1915 1136 1969 sumpserit.

135 1993 378 2049 Antequam
410 1993 462 2034 ad
491 1993 647 2033 librum
678 1992 930 2045 secundum,
969 1992 1018 2032 de
1050 1991 1196 2032 mundi
1228 2005 1283 2032 ex
1313 1992 1462 2033 atomis
1493 1992 1694 2047 composi-

79 2072 192 2112 tione
223 2076 442 2126 agentem,
475 2075 660 2111 transeat
681 2075 824 2125 poeta,
859 2070 960 2111 duas
982 2083 1048 2110 res
1070 2074 1243 2121 tractat,
1267 2083 1373 2125 quae
1396 2070 1621 2110 transitum
1642 2070 1695 2111 ad

80 2149 299 2205 sequentia
339 2149 621 2190 constituunt:
670 2148 805 2203 primo
838 2148 949 2188 enim
981 2161 1023 2188 se
1057 2147 1438 2188 demonstraturum
1473 2162 1563 2188 esse
1597 2147 1695 2188 dicit

81 2229 123 2266 et
166 2225 385 2267 materiem
432 2229 474 2266 et
503 2239 682 2266 vacuum
713 2224 877 2265 infinita
909 2238 999 2264 esse
1025 2224 1072 2277 ¹),
1117 2224 1267 2265 deinde
1299 2225 1593 2265 nonnullorum
1626 2239 1696 2280 op-

79 2307 240 2358 pugnat
271 2303 526 2355 doctrinam,
560 2303 698 2343 omnia
729 2302 773 2342 in
804 2301 989 2342 medium
1022 2301 1099 2341 niti
1131 2301 1383 2342 docentium.
1412 2326 1464 2330 *
1489 2301 1549 2342 Ut
1579 2302 1695 2356 prius

79 2380 184 2420 illud
199 2380 347 2435 probet
364 2380 511 2435 incipit
528 2380 579 2420 ab
596 2380 758 2420 infinito
782 2379 916 2434 spatio
938 2378 1136 2418 universi.
1173 2378 1333 2430 „Omne
1351 2378 1461 2433 quod
1483 2383 1545 2419 est
1565 2379 1695 2433 igitur

80 2458 182 2512 (scil.
200 2458 394 2513 spatium)
415 2458 532 2498 nulla
553 2458 723 2512 regione
743 2457 907 2497 viarum
925 2456 1089 2496 finitum
1108 2455 1198 2495 est'’
1224 2457 1296 2507 (vs.
1317 2457 1430 2508 958);
1450 2470 1545 2496 nam
1571 2458 1612 2496 1⁰
1632 2456 1695 2496 sin

80 2535 140 2576 ita
171 2539 308 2588 esset,
341 2535 512 2576 definire
549 2537 596 2577 τὸ
629 2549 751 2575 omne
783 2534 955 2575 deberet
986 2533 1100 2574 aliud
1131 2533 1365 2589 quoddam,
1414 2533 1523 2588 quod
1553 2538 1694 2574 tamen

80 2626 163 2653 non
194 2616 332 2668 potest
350 2645 359 2665 ,
391 2617 438 2652 ut
460 2613 670 2667 intellegit
693 2613 890 2668 quisque,
923 2611 1119 2667 quoniam
1140 2615 1307 2666 praeter
1328 2624 1468 2650 rerum
1489 2624 1694 2652 summam

124 2765 197 2796 Hoc
232 2769 341 2796 tamen
378 2767 510 2804 apparet
546 2774 586 2795 ex
622 2769 779 2805 utroque,
804 2765 1032 2804 Anaxagoram
1055 2761 1241 2796 distinxisse
1264 2772 1314 2793 res
1337 2771 1377 2792 ex
1400 2760 1544 2792 eiusdem
1567 2761 1694 2802 generis

81 2826 197 2858 atomis
228 2826 420 2868 compositas
451 2826 491 2857 ab
514 2826 574 2864 iis,
605 2837 687 2867 quae
715 2837 731 2857 e
761 2825 844 2856 varii
874 2825 1000 2866 generis
1042 2824 1157 2856 atomis
1186 2828 1263 2855 sunt
1290 2828 1398 2855 ortae:
1439 2824 1531 2855 cibus
1553 2823 1695 2864 exempli

82 2888 186 2929 gratia
211 2888 310 2920 huius
333 2888 459 2929 generis
481 2892 549 2926 est,
573 2898 665 2928 ossa,
693 2887 850 2927 capillus,
875 2897 978 2927 vena,
1006 2891 1080 2918 cett.
1106 2890 1183 2917 sunt
1210 2885 1309 2916 illius.

127 2951 151 2991 ¹)
196 2951 284 2983 Plut.
317 2951 399 2992 plac.
436 2951 474 2990 Ι,
509 2953 549 2990 3,
579 2952 618 2982 28
651 2950 737 2982 εἶναι
765 2950 796 2982 δὲ
829 2956 883 2982 καί
919 2951 1003 2983 αὐτὸ
1027 2951 1065 2981 τὸ
1089 2951 1184 2981 κενὸν
1209 2953 1370 2989 (ιπειρον,
1403 2949 1457 2980 καὶ
1493 2950 1532 2979 τὰ
1556 2950 1694 2990 σώματα

82 3015 214 3054 ἄπειρα.
