1894 3235
903 94 958 134 40

140 233 280 270 tamen
311 232 448 269 motus
479 228 609 269 oculis
640 227 774 268 videri
804 242 888 269 non
919 232 1114 283 possunt,
1147 228 1344 284 quoniam
1374 228 1490 283 ipsae
1509 229 1637 269 atomi
1661 233 1758 270 sunt

143 307 404 361 invisibiles,
461 307 732 362 „praesertim
778 320 896 359 cum,
964 320 1071 362 quae
1119 307 1327 361 possimus
1373 320 1574 360 cernere,
1621 307 1758 348 celent

141 398 265 440 saepe
297 389 438 426 tamen
469 389 627 436 motus,
660 383 793 438 spatio
825 382 993 424 diducta
1023 384 1208 425 locorum
1228 384 1250 400 ”
1284 388 1329 424 ut
1365 384 1542 438 „pabula
1573 384 1684 425 laeta
1714 384 1759 425 in

141 463 236 503 colli
277 461 497 503 tondentes
542 461 755 514 lanigerae
800 460 1024 515 pecudes'',
1071 474 1202 516 quae,
1246 475 1340 502 cuin
1373 461 1497 515 longe
1530 461 1758 514 absumus,

141 540 376 581 immobiles
407 553 496 580 esse
527 538 724 579 videntur
747 538 782 591 ¹).
843 538 925 579 Hic
958 538 1267 580 animadvertas
1300 539 1548 580 Luc-retium
1589 524 1759 594 prorsus

141 618 334 672 ignorare
381 617 630 669 discrimen,
678 616 788 671 quod
834 621 897 656 est
936 616 1046 656 inter
1088 617 1292 672 quietem,
1325 630 1431 672 quae
1472 617 1623 658 dicitur
1657 617 1761 658 rela-

142 696 255 748 tiva,
288 700 329 736 et
371 695 632 747 absolutam,
680 693 791 749 quod
833 693 1055 734 discrimen
1103 708 1154 735 ne
1198 694 1406 750 Epicurus
1438 695 1608 750 quidem
1640 709 1760 737 nosse

141 773 330 825 videtur,
385 786 465 827 quo
514 771 670 812 factum
718 776 798 823 cst,
845 776 891 811 ut
931 784 1030 811 suae
1063 770 1276 812 doctrinae
1312 772 1459 813 falsam
1507 773 1760 827 protulerint

142 851 545 906 interpretationem.
622 849 667 890 Si
715 849 843 890 atomi
904 853 1107 904 perpetuo
1165 849 1319 890 cadunt
1372 856 1413 890 et
1461 850 1559 891 dum
1609 850 1764 892 cadunt

143 941 308 982 omnes,
355 941 462 983 quae
512 927 685 982 cogitari
732 931 931 982 possunt,
981 926 1162 967 subeunt
1215 927 1530 982 complexiones
1578 934 1620 969 et
1667 942 1764 969 con-

143 1006 440 1061 gregationes,
482 1006 622 1046 omnia
653 1019 759 1061 quae
791 1005 983 1046 videmus
1015 1020 1188 1060 corpora
1220 1019 1274 1047 ex
1306 1007 1455 1047 atomis
1487 1012 1763 1061 congregata,

143 1084 263 1125 nobis
304 1099 388 1125 non
427 1084 535 1125 hanc
568 1084 618 1125 ob
651 1098 739 1125 rem
771 1084 986 1139 quiescere
1018 1083 1237 1137 videntur,
1270 1084 1368 1139 quia
1399 1085 1526 1125 atomi
1557 1089 1642 1126 tam
1673 1099 1766 1140 par-

143 1177 221 1205 vae
266 1166 388 1216 sunt,
438 1167 485 1203 ut
516 1162 654 1203 visum
701 1162 927 1216 effugiant:
970 1176 1068 1203 nam
1107 1162 1183 1203 etsi
1215 1162 1294 1203 hoc
1325 1176 1471 1203 verum
1503 1167 1592 1216 est,
1625 1167 1766 1204 tamen

145 1240 460 1296 complexiones
499 1243 734 1280 atomorum
780 1238 949 1280 eosdem
981 1244 1196 1280 servantes
1228 1243 1394 1292 mot-us,
1442 1253 1545 1295 quos
1575 1240 1766 1295 singulae

147 1318 298 1371 atomi,
345 1317 479 1359 videri
511 1317 739 1359 deberent:
788 1317 860 1358 sed
891 1317 989 1373 quia
1020 1318 1160 1359 omnia
1191 1331 1323 1373 aeque
1356 1318 1549 1359 celeriter
1579 1317 1631 1359 ad
1661 1318 1767 1360 line-

147 1411 215 1437 am
248 1395 428 1449 cadunt,
460 1395 568 1436 hanc
600 1395 651 1436 ob
688 1409 777 1435 rem
807 1394 851 1435 hi
882 1399 1021 1436 motus
1052 1395 1340 1437 tantummodo
1372 1395 1580 1449 videntur,
1613 1397 1684 1452 qui
1715 1396 1767 1437 ab

144 1474 214 1515 1110
257 1474 467 1515 communi
497 1477 614 1514 motu
645 1473 864 1514 decedunt.
898 1473 1127 1514 Praeterea
1157 1473 1225 1515 hic
1257 1474 1480 1515 Lucretius
1511 1474 1610 1529 qui,
1643 1478 1768 1515 antea

143 1550 228 1591 iam
277 1549 383 1590 dixit
403 1551 435 1603 2)
483 1550 527 1590 111
558 1549 720 1590 infinito
751 1564 883 1591 vacuo
915 1564 999 1591 non
1031 1564 1121 1592 esse
1154 1555 1368 1604 centrum,
1400 1565 1501 1591 num
1531 1551 1574 1591 in
1605 1550 1768 1592 infinito

146 1628 280 1684 spatio
313 1642 439 1684 supra
470 1628 522 1669 sit
553 1632 595 1669 et
625 1627 755 1680 infra,
788 1642 952 1669 sursum
985 1632 1025 1669 et
1058 1628 1251 1669 deorsum
1274 1628 1438 1685 etquid
1459 1629 1512 1669 sit
1534 1628 1586 1670 ad
1612 1629 1768 1670 lineam

187 1822 215 1862 1)
260 1821 300 1854 V.
335 1823 416 1860 315,
451 1831 539 1863 seqq.
569 1821 612 1852 D.
643 1820 682 1853 L.
712 1821 767 1860 X,
798 1822 861 1852 56:
894 1822 968 1854 οὐδ’
999 1822 1089 1859 ὅπως
1113 1821 1156 1853 ἂν
1184 1819 1312 1864 γίνοιτο
1336 1821 1444 1863 ὁρατὴ
1477 1820 1497 1861 ἡ
1525 1821 1650 1862 ἄτομος
1676 1821 1769 1854 ἔστιν

141 1888 330 1926 ἐπινοῆσαι.

188 1959 215 1998 ²)
258 1959 300 1991 In
322 1959 387 1991 fine
409 1958 486 1991 libri
508 1959 537 1992 I.

184 2033 209 2074 ³)
258 2032 299 2064 D.
324 2032 362 2064 L.
386 2033 440 2071 X,
466 2035 516 2064 60.
562 2032 669 2065 Locus
705 2035 755 2064 est
777 2035 956 2073 corruptus.
1004 2031 1046 2068 In
1076 2030 1184 2062 codice
1220 2029 1372 2062 Leidensi
1394 2030 1553 2072 leguntur
1574 2030 1675 2063 haec:
1715 2031 1772 2063 καὶ

141 2097 208 2138 μὴν
238 2097 290 2128 καὶ
325 2097 384 2128 τοῦ
417 2094 556 2137 ἀπείρου
589 2097 632 2133 ὡς
667 2097 726 2137 μὲν
751 2096 912 2128 ἀνωτάτω
937 2096 956 2135 ἦ
981 2095 1186 2131 κατωτάτω,
1224 2095 1262 2126 οὺ
1287 2094 1332 2126 δεῖ
1357 2096 1634 2137 κατηγορεῖν”τὸ
1658 2096 1728 2128 ἇνω
1752 2096 1772 2135 ἢ

143 2160 231 2191 κάτω
261 2161 373 2201 μέντοι
409 2162 446 2192 τὸ
482 2159 565 2201 ὑπὲρ
602 2162 745 2200 κεφαλῆς
771 2169 776 2175 ·
803 2160 882 2192 ὅθεν
920 2159 963 2190 ἂν
988 2159 1026 2190 τὸ
1051 2159 1110 2199 μὲν
1134 2159 1178 2195 εἰς
1203 2159 1343 2199 ἄπειρον
1371 2159 1464 2200 ἄγειν
1488 2161 1547 2195 ὃν,
1579 2157 1667 2200 ’μηδέ
1691 2170 1772 2191 ποτε

143 2223 320 2266 φανεῖσθαι
355 2225 454 2256 τοῦτο
485 2222 582 2264 τἰμῖν·
606 2224 625 2262 ἣ
660 2226 697 2256 τὸ
733 2222 892 2255 ὑποκάτω
917 2224 975 2253 τοῦ
1000 2222 1183 2260 νοηθέντος
1207 2221 1252 2258 εἰς
1275 2222 1418 2261 ἄπειρον
1444 2222 1511 2260 ἅμα
1536 2223 1605 2253 ἅνω
1631 2234 1664 2253 τε
1689 2223 1772 2254 εἶναι

143 2288 198 2320 καὶ
233 2288 323 2319 κάτω
358 2289 443 2328 πρὸς
467 2288 505 2319 τὸ
530 2288 635 2319 αὐτό·
663 2288 762 2319 τοῦτο
786 2288 848 2329 γὰρ
874 2286 1047 2318 ἀδύνατον
1071 2286 1318 2324 διανοηθῆναι·
1345 2286 1427 2317 ὥστε
1452 2285 1522 2317 ἔστι
1547 2284 1626 2326 μίαν
1649 2285 1773 2326 λαβεῖν

143 2352 250 2391 φορὰν
283 2350 349 2387 τὴν
383 2350 452 2381 ἅνω
484 2349 670 2390 νοουμένην
703 2349 748 2386 εἰς
779 2350 941 2390 ἆπειρον“
967 2350 1021 2381 καὶ
1058 2349 1138 2389 μίαν
1164 2349 1228 2386 τήν
1252 2348 1342 2380 κάτω
1366 2349 1409 2380 ἂν
1431 2349 1485 2380 καὶ
1509 2350 1662 2390 μυριάκις
1686 2349 1773 2390 πρὸς

144 2412 252 2449 πόδας
282 2416 349 2444 τῶν
372 2412 486 2444 ἐπάνω
512 2415 549 2445 τὸ
574 2412 654 2454 παρ’
682 2412 773 2453 ἡμῶν
797 2413 974 2454 φερόμενον
1000 2412 1078 2448 τοὺς
1104 2411 1188 2448 ὑπὲρ
1213 2412 1358 2453 κεφαλῆς
1378 2412 1469 2452 ἡμῶν
1486 2413 1611 2449 τόπους
1637 2413 1773 2453 ἀφικνῆ-

147 2487 224 2513 ται,
249 2475 268 2514 ἣ
293 2475 348 2506 ἐπὶ
380 2477 443 2513 τὴν
473 2476 621 2517 κεφαλὴν
644 2479 712 2507 τῶν
738 2474 803 2508 ὑπὸ
828 2475 918 2506 κάτω
943 2477 980 2508 τὸ
1007 2477 1088 2516 παρ’
1117 2474 1207 2515 ἡμῶν
1232 2475 1322 2506 κάτω
1353 2478 1551 2517 φερόμενον·
1581 2475 1598 2513 ἡ
1623 2477 1686 2518 γὰρ
1709 2477 1772 2514 ὅλη

146 2539 251 2580 φορὰ,
290 2539 390 2570 οὐθὲν
425 2536 530 2576 ἧττον
565 2537 702 2579 ἑκατέρα
740 2537 951 2579 ἀντικειμένη
985 2537 1036 2569 ἐπ’
1058 2540 1064 2573 ἶ
1085 2539 1224 2578 ἄπειρον
1248 2540 1383 2570 νοεῖται.
1430 2537 1548 2569 Paucis
1570 2537 1704 2570 mutatis
1727 2537 1773 2570 sic

148 2599 320 2641 opinamur
342 2600 516 2641 legendum
540 2610 629 2632 esse:
656 2601 708 2631 καὶ
732 2601 798 2640 μὴν
826 2603 913 2632 κατὰ
945 2602 1002 2631 τοῦ
1028 2601 1166 2641 ἀπείρου
1195 2601 1237 2636 ὡς
1264 2602 1322 2641 μὲν
1348 2601 1511 2632 ἀνωτάτω
1539 2601 1558 2640 ἣ
1590 2601 1772 2632 κατωτάτω

147 2665 186 2696 οὺ
225 2663 272 2695 δεῖ
299 2666 499 2705 κατηγορεῖν
528 2666 565 2696 τὸ
598 2665 666 2695 ἄνω
690 2664 710 2702 νὴ
739 2665 828 2695 κάτω
878 2664 930 2706 (de
965 2663 1095 2694 infinito
1130 2662 1308 2704 praedicari
1342 2666 1448 2704 potest
1469 2663 1504 2694 in
1526 2674 1564 2695 eo
1586 2674 1654 2695 esse
1676 2674 1774 2704 supra

148 2728 181 2757 et
210 2725 318 2763 infra,
343 2735 408 2757 non
432 2729 542 2756 tamen
565 2736 754 2766 supremum
779 2729 811 2756 et
833 2724 994 2762 infimum)
1021 2734 1026 2740 ·
1049 2727 1142 2765 ἴσμεν
1173 2738 1222 2757 τοι
1253 2728 1290 2758 τὸ
1318 2725 1401 2766 ὑπὲρ
1428 2727 1587 2767 κεφαλῆς,
1617 2727 1696 2758 ὅθεν
1730 2727 1773 2758 ἂν

148 2792 287 2829 στῶμεν.
317 2789 361 2826 εἰς
391 2790 532 2830 ἄπειρον
549 2789 644 2831 ἄγειν
673 2790 741 2821 ἄνω
756 2814 762 2825 ,
793 2788 871 2828 μηδὲ
896 2801 977 2820 ποτε
997 2789 1173 2830 φανεῖσθαι
1192 2791 1229 2821 τὸ
1259 2789 1420 2820 ἀνωτάτω
1438 2789 1525 2829 ἡμῖν,
1543 2788 1621 2829 μηδὲ
1634 2788 1774 2827 νοητέον

149 2852 187 2882 τὸ
214 2850 372 2883 ὑποκάτω
402 2854 461 2883 τοῦ
488 2852 674 2890 νοηθέντος
700 2852 744 2888 εἷς
772 2853 911 2891 ἄπειρον
941 2853 1007 2892 ἅμα
1035 2853 1104 2883 ἄνω
1133 2864 1165 2883 τε
1195 2854 1278 2883 εἶναι
1306 2853 1361 2883 καὶ
1388 2854 1477 2883 κάτω
1508 2854 1593 2893 πρὸς
1610 2854 1648 2884 τὸ
1666 2852 1771 2884 αὑτό·

149 2915 248 2946 τοῦτο
274 2915 336 2956 γὰρ
379 2913 553 2946 ἀδύνατον
588 2914 809 2952 διανοηθῆναι
846 2913 963 2955 (priore
999 2918 1090 2954 parte
1121 2913 1224 2954 igitur
1257 2913 1336 2945 dicit
1370 2924 1558 2954 supremum
1595 2924 1660 2945 non
1683 2924 1770 2952 esse,

152 2977 238 3017 quod
261 2976 347 3008 idem
370 2977 408 3008 de
431 2977 544 3009 infimo
567 2977 674 3009 valet:
703 2977 803 3009 altera
826 2987 913 3016 vero,
940 2977 1028 3020 quod
1051 2976 1137 3009 infra
1160 2979 1201 3009 sit
1223 2988 1289 3009 non
1312 2976 1410 3009 simul
1431 2976 1496 3008 dici
1518 2987 1610 3019 posse
1626 2980 1659 3009 et
1675 2987 1773 3018 supra
