1894 3235
877 105 958 146 120

99 239 222 281 modo
254 239 416 280 caelum
447 242 639 280 versatur
686 242 810 293 atque
857 238 996 279 fluviis
1044 242 1085 279 et
1125 239 1264 280 ventis
1306 252 1430 294 saepe
1461 242 1573 280 rotas
1607 237 1720 279 volvi

99 317 303 358 videmus.
364 317 414 358 In
446 316 641 371 Epicuri,
674 329 779 371 quae
812 320 996 357 aetatem
1028 316 1244 370 tulerunt,
1275 316 1521 371 fragmentis
1553 316 1603 357 de
1625 329 1721 357 aere

100 395 205 437 caeli
238 395 354 450 polos
385 398 604 449 premente
637 393 743 433 nihil
776 407 875 434 sane
906 394 1115 448 legimus,
1148 399 1334 435 attamen
1367 408 1460 435 cum
1493 393 1604 449 apud
1626 407 1721 434 eum

100 485 172 513 aer
218 471 365 513 eodem
412 471 611 525 fungatur
656 470 709 511 ad
754 474 909 529 ter-ram
951 471 1238 513 sustinendam
1286 472 1448 525 officio,
1494 475 1541 512 ut
1582 471 1722 512 statim

100 549 372 601 ostendetur,
421 548 565 603 procul
613 547 739 589 dubio
786 548 1010 589 Lucretius
1046 548 1150 591 haec
1188 563 1210 590 e
1242 550 1347 591 libro
1379 549 1600 590 'undecimo
1632 552 1722 604 περὶ

101 630 284 684 φύσεως,
316 627 387 667 ubi
420 626 470 667 de
501 626 615 667 hisce
637 626 762 667 rebus
785 627 989 681 agebatur
1012 626 1056 680 ¹),
1088 627 1240 669 hausit.
1289 628 1424 669 Rotae
1447 628 1519 668 illa
1539 627 1723 681 imagine

99 705 183 746 iam
214 704 533 746 Anaximander
565 719 664 745 usus
696 708 780 757 est,
813 708 920 745 teste
953 704 1214 758 Stobaeoss'),
1247 705 1376 746 solem
1409 705 1550 746 dicens
1581 708 1725 761 τροχῷ

99 782 399 838 παραπλήσιον
442 796 546 823 esse.
594 807 646 811 —
696 782 739 823 Si
786 787 927 824 autem
975 783 1138 823 caelum
1179 783 1380 838 quiescit,
1432 787 1598 835 „tamen
1630 796 1723 824 cum

100 859 239 901 lucida
286 859 406 913 signa
450 859 664 900 ferantur''
685 893 694 911 ,
742 859 810 900 hic
854 864 993 900 motus
1024 873 1167 900 rursus
1198 860 1325 900 variis
1355 860 1489 901 modis
1521 859 1724 915 explicari

100 940 266 992 potest:
300 936 388 977 sive
420 950 514 977 cum
545 936 864 977 Anaximandro
889 935 917 989 ³)
949 940 1148 991 putemus
1180 936 1310 977 solem
1341 937 1540 991 (exempli
1572 936 1724 991 gratia)

102 1028 192 1056 esse
223 1019 366 1070 τροχῷ
412 1014 736 1069 παραπλήσιον,
783 1014 936 1070 ἔχοντα
970 1014 1117 1062 κοίλην
1149 1017 1403 1070 περιφέρειαν
1423 1047 1433 1065 .,
1478 1015 1619 1069 πλήρη
1651 1033 1728 1057 πυ-

99 1093 209 1147 ρὸς,
261 1089 360 1133 κατ-οἷ
406 1094 530 1146 μέρος
583 1093 858 1146 ἐκφαίνουσαν
901 1089 966 1133 διὰ
1009 1093 1181 1144 στομίου
1227 1093 1276 1133 τὸ
1325 1095 1430 1146 πῦρ,
1478 1092 1614 1146 ὥσπερ
1662 1089 1725 1134 διὰ

101 1175 371 1224 πρηστῆρος,
405 1182 486 1224 quo
520 1172 690 1209 auctore
724 1182 822 1222 erge
856 1172 967 1209 astra
998 1168 1376 1221 circumferuntur,
1413 1168 1547 1224 ⁷,quod
1578 1167 1727 1210 inclusi

100 1245 236 1301 rapidi
278 1249 375 1286 sunt
407 1245 590 1287 aetheris
622 1250 791 1299 aestus,
839 1250 1175 1301 quaerentesque
1208 1246 1319 1287 viam
1351 1246 1728 1287 circumversantur

101 1327 143 1364 et
188 1323 308 1377 ignes
354 1323 509 1378 passim
552 1337 628 1378 per
674 1324 778 1364 caeli
828 1324 1003 1365 volvunt
1045 1324 1282 1365 summania
1322 1322 1568 1379 templa''4).
1630 1324 1727 1379 Ipse

102 1401 311 1457 Epicurus
342 1401 568 1442 coniecisse
600 1401 768 1442 videtur
800 1407 1006 1443 astrorum
1037 1407 1175 1443 motus
1208 1403 1334 1443 otiam
1366 1402 1455 1443 fieri
1477 1416 1598 1458 posse
1621 1402 1729 1444 acris

105 1479 367 1520 extrinsecus
413 1479 529 1520 illato
576 1480 712 1534 pulsu.
775 1481 825 1521 ln
872 1495 962 1535 cap.
1011 1480 1086 1521 IV.
1135 1480 1228 1522 libr.
1275 1481 1295 1521 I
1335 1481 1442 1536 plac.
1486 1479 1727 1534 Plutarchi,

103 1557 214 1613 quod
261 1571 386 1612 supra
433 1557 692 1599 ostendimus
735 1558 866 1599 videri
913 1559 1044 1614 ipsius
1093 1559 1268 1614 Epicuri
1310 1559 1549 1614 opinionem
1590 1559 1728 1614 expri-

101 1649 245 1689 mere,
291 1635 494 1689 legimus:
543 1637 589 1677 τὸ
639 1634 679 1678 δὲ
726 1636 895 1685 πλῆθος
942 1640 1026 1678 τῶν
1067 1638 1419 1690 ἀναθυμιωμένων
1452 1636 1623 1686 ’έπληττε
1654 1638 1729 1679 τὸν

102 1713 228 1767 ἀέρα,
275 1717 337 1755 καὶ
385 1718 538 1756 τοῦτον
585 1713 806 1769 ἐξέθλιβε,
855 1713 1218 1767 πνευματούμενος
1267 1713 1306 1757 δὲ
1356 1716 1480 1764 οὗτος
1527 1714 1625 1758 ,card
1653 1717 1730 1765 τὴν

102 1793 291 1841 κίνησιν,
339 1794 402 1833 καὶ
450 1791 862 1847 συμπεριλαμβάνων
907 1791 955 1834 τιῖ
987 1792 1141 1847 ἄστρα,
1196 1799 1442 1848 συμπεριῆγε
1473 1797 1626 1835 ταῦταε
1667 1796 1730 1834 est

101 1867 180 1910 hoc
212 1869 374 1923 solum,
407 1869 518 1925 quod
549 1870 739 1910 invenire
772 1869 1012 1924 potuimus,
1044 1870 1248 1925 placitum
1273 1884 1507 1925 congruens
1529 1885 1625 1912 eum
1645 1871 1729 1912 Lu-

102 1946 222 1988 cretii
267 1947 407 1988 verbis
453 1961 513 1988 vs.
558 1949 669 1988 522:
723 1948 835 2000 „sive
878 1948 1046 1989 aliunde
1078 1949 1212 1989 fluens
1243 1948 1436 1990 alicunde
1469 1949 1730 1990 extrinsecus

102 2037 175 2065 aer
205 2027 345 2065 versat
377 2038 506 2079 agens
536 2024 698 2079 ignes”.
753 2025 1002 2066 Tenendum
1034 2031 1175 2066 autem
1207 2029 1271 2066 est
1302 2025 1409 2067 hanc
1440 2025 1614 2081 Epicuri
1645 2026 1731 2081 opi-

103 2102 273 2143 nionem
303 2101 435 2143 nihilo
468 2103 561 2158 plus
593 2117 683 2143 6886
716 2118 841 2159 quam
865 2103 1179 2157 coniecturam,
1213 2118 1294 2159 qua
1317 2104 1501 2158 explicet
1523 2103 1730 2159 quomodo

101 2183 239 2221 motus
286 2180 357 2221 ille
404 2180 494 2221 fieri
532 2182 681 2235 possit.
745 2181 851 2223 Cum
883 2182 1046 2237 reliqua
1077 2181 1292 2234 doctrina,
1340 2186 1494 2222 terram
1525 2195 1622 2223 aere
1654 2182 1730 2223 cir-

102 2257 342 2300 cumdatam
389 2272 478 2299 esse
526 2263 568 2299 et
608 2259 828 2312 sustineri,
877 2259 947 2314 qui
979 2273 1050 2300 aer
1082 2273 1177 2300 cum
1213 2259 1426 2314 „partibus
1458 2259 1581 2300 aeriis
1612 2274 1731 2300 mun-

103 2335 170 2376 di'’
206 2338 328 2389 (538,
377 2338 446 2385 53)
481 2336 729 2391 cohaereat,
777 2337 938 2392 optime
970 2337 1178 2378 convenit.
1241 2336 1531 2377 Anaximenes
1572 2337 1731 2392 primus

103 2414 307 2455 eiusmodi
358 2415 685 2470 explicationem
736 2416 959 2470 protulisse
1012 2415 1208 2455 videtur:
1260 2414 1529 2468 Ἀναξιμένης
1583 2416 1730 2470 (putat)

103 2493 184 2534 ὑπὸ
229 2495 549 2545 πεπυκνωμένου
595 2493 718 2546 ἀέρος
766 2497 828 2535 καὶ
880 2494 1105 2535 ἀντιτύπου
1157 2491 1402 2540 ἐξωὲεἶσὲαι
1448 2492 1497 2535 τοὶ
1529 2493 1659 2548 ἄστρα
1682 2494 1729 2547 ⁵).

103 2569 298 2625 Denique
330 2570 575 2612 Heraclitus
606 2571 742 2611 refelli
774 2585 858 2612 non
890 2574 1030 2626 potest
1062 2584 1238 2611 censens
1273 2571 1475 2612 caelestes
1496 2571 1589 2612 illos
1609 2571 1730 2626 ignes

147 2733 172 2774 1)
221 2732 270 2764 Cf.
298 2733 338 2764 D.
364 2733 401 2764 L.
427 2731 469 2763 X.
495 2734 533 2765 91
560 2736 592 2765 et
614 2732 687 2766 Vol.
712 2732 812 2765 Herc.
838 2733 887 2765 II.

146 2794 172 2835 ²)
219 2794 289 2826 Ecl.
314 2795 342 2826 I.
368 2805 440 2836 pag.
465 2797 538 2826 510.

147 2857 172 2898 3)
222 2857 309 2889 Stob.
334 2857 380 2888 1.1.
427 2858 515 2889 Plut.
541 2858 598 2897 ΙΙ,
617 2860 656 2889 20
680 2858 784 2899 pla0.:
811 2858 896 2889 idem
920 2858 958 2889 de
981 2857 1060 2888 luna
1083 2859 1134 2888 25.
1182 2857 1301 2888 Euseb.
1326 2868 1434 2898 praep.
1459 2868 1509 2889 ev.
1535 2857 1574 2896 Ι,
1600 2860 1627 2888 8.

146 2921 174 2960 ⁴)
220 2920 276 2952 Vs.
301 2923 362 2951 519
387 2931 474 2963 seqq.
499 2923 674 2953 summani«
698 2927 810 2954 contra
833 2921 966 2953 Lachm.
991 2920 1136 2952 defendit
1160 2921 1330 2953 Munrous.

149 2984 174 3025 ⁵)
223 2984 310 3015 Plut.
336 2984 418 3025 plac.
445 2985 505 3017 11:
533 2987 582 3016 23.
