1894 3235
837 134 917 174 125

75 264 303 319 Epicurum
349 265 462 306 idem
505 265 660 306 dixisse
692 266 735 306 in
765 266 871 307 libro
902 266 1121 307 undecimo
1154 269 1241 321 περὶ
1276 268 1462 321 φύσεωςε
1510 269 1539 308 εἰ
1571 267 1682 322 γὰρ,

76 345 199 397 φησί,
230 344 276 384 τὸ
308 345 484 398 μέγεθος
518 342 581 385 διὰ
614 345 660 385 τὸ
694 342 892 395 διάστημα
924 343 1232 399 ἀπεβεβλήκει,
1263 343 1415 399 πολλῷ
1447 342 1496 384 ἂν
1517 344 1686 395 μᾶλλον

73 421 149 468 τὴν
195 422 342 475 χρόαν.
404 420 569 460 Deinde
613 421 781 475 pergit:
823 421 934 462 ἄλλο
966 422 1048 476 γὰρ
1080 424 1211 476 τούτῳ
1243 422 1570 475 συμμετρότερον
1603 420 1685 464 διά-

75 516 205 549 στημα
237 499 359 540 οὐδ’ἐν
391 500 496 551 ἐστι,
529 499 626 540 κατὰ
660 497 699 540 δὲ
731 499 777 540 τὸ
811 499 893 540 κατ’
926 499 1024 540 αὐτὸ
1057 499 1146 547 ἥτοι
1168 498 1310 551 μεῖζον
1332 502 1405 540 τοῦ
1428 501 1637 554 ὁρωμένου
1660 499 1684 548 ἣ

75 573 248 615 ἔλαττον
282 578 411 629 μικρῷ
442 574 465 623 ἢ
497 574 743 623 τηλικοῦτον
774 575 923 623 ἡλίκον
956 578 1097 630 ὁρᾶται
1131 589 1139 597 ·
1173 576 1279 617 οὕτω
1311 577 1392 631 γὰρ
1426 579 1488 617 καὶ
1521 576 1566 617 τὰ
1591 576 1686 630 παρ’

75 651 171 702 ἡμῖν
201 651 307 704 πυρὰ
343 650 386 698 ἐξ
416 652 710 703 ἀποστήματος
742 654 1004 705 θεωρούμενα
1032 653 1128 693 κατὰ
1153 654 1228 701 τὴν
1250 652 1442 701 αἴσθησιν
1464 655 1685 708 θεωρεῖται.

74 727 192 768 Idem
238 733 378 769 censet
426 729 674 769 Lucretius:
727 743 827 781 „nec
870 730 998 770 nimio
1036 730 1131 769 solis
1163 730 1294 770 maior
1324 734 1415 770 rota
1445 744 1521 771 nec
1551 730 1687 771 minor

75 804 196 845 ardor
228 806 372 860 (χρόα)
407 820 496 846 esse
529 810 688 860 potest,
731 807 881 846 nostris
913 820 1036 861 quam
1069 806 1256 847 sensibus
1289 820 1378 846 esse
1409 806 1575 847 videtur
1603 805 1684 860 ¹)”:

75 881 124 922 de
164 882 263 923 luna
304 883 413 923 idem
439 883 660 924 dicendum
696 891 783 936 est,
822 884 933 936 „sive
972 883 1099 923 notho
1137 883 1271 924 fertur
1308 884 1399 924 loca
1435 884 1593 925 lumine
1626 885 1687 925 lu-

74 964 208 1000 strans
226 960 281 1013 2),
333 961 419 1001 sive
466 976 582 1002 suam
628 962 795 1016 proprio
840 961 967 1002 iactat
999 961 1049 1001 de
1081 975 1252 1016 corpore
1283 959 1509 1012 lucem”³).
1570 962 1687 1003 Idem

73 1035 308 1091 Epicurus:
358 1038 411 1079 ἐ’τι
453 1039 485 1078 ‘r'
503 1037 705 1094 ἐνδέχεται
751 1040 826 1087 τὴν
870 1038 1051 1087 σελήνην
1094 1037 1136 1086 ἐξ
1182 1040 1323 1086 ἑαυτῆς
1355 1039 1464 1094 ἔχειν
1495 1041 1542 1080 τὸ
1575 1044 1686 1095 φῶς,

75 1112 276 1169 ἐνδέχεται
309 1112 348 1156 δὲ
383 1118 443 1156 καὶ
478 1116 559 1156 ἀπὸ
591 1121 665 1156 τοῦ
698 1115 820 1163 ἡλίου
834 1114 880 1167 4).
941 1114 1252 1168 Argumentum
1275 1115 1395 1155 affert
1427 1115 1538 1155 idem
1560 1120 1688 1171 atque

74 1189 308 1245 Epicurus,
340 1206 400 1232 vs.
434 1193 542 1232 581:
591 1206 696 1247 „qua
727 1196 897 1247 propter
918 1192 1018 1232 luna
1039 1205 1208 1232 necesse
1233 1196 1317 1244 est,
1351 1192 1686 1248 quandoquidem

75 1268 228 1309 claram
259 1269 440 1324 speciem
473 1274 711 1324 certamque
742 1269 918 1323 figuram
949 1269 1152 1324 praebet,
1203 1274 1250 1309 ut
1282 1273 1344 1310 est
1375 1270 1457 1310 oris
1489 1271 1688 1311 extremis

75 1359 252 1401 cumque
292 1351 436 1387 notata
481 1351 718 1402 quantaque
761 1351 956 1402 quantast
986 1346 1083 1387 hinc
1114 1347 1234 1387 nobis
1264 1346 1456 1387 videatur
1487 1347 1531 1387 in
1562 1348 1689 1389 alto.''

76 1424 134 1465 Τὰ
170 1424 262 1479 παρ’
297 1426 393 1477 ἡμῖν
425 1427 533 1479 πὺρα
564 1424 754 1464 invenies
785 1438 844 1464 vs.
879 1425 959 1465 585
992 1437 1130 1479 seqq.:
1196 1428 1430 1479 „postremo
1453 1439 1555 1480 quos
1579 1440 1690 1466 cum-

75 1514 155 1556 que
201 1501 319 1541 vides
364 1500 460 1542 hinc
508 1501 690 1542 aetheris
734 1502 875 1556 ignes,
923 1501 1257 1557 quandoquidem
1290 1516 1392 1557 quos
1439 1517 1616 1558 cumque
1648 1504 1691 1544 in

75 1579 197 1619 terris
253 1579 451 1620 cernimu'
503 1580 641 1634 2'97203,
692 1579 789 1620 dum
830 1584 985 1620 tremor
1031 1584 1089 1620 est
1137 1580 1299 1632 clarus,
1359 1580 1457 1620 dum
1510 1581 1693 1621 cernitur

76 1656 197 1697 ardor
238 1671 409 1710 eorum,
466 1671 714 1712 perparvom
756 1657 953 1713 quiddam
994 1658 1103 1698 inter
1145 1657 1243 1697 dum
1284 1662 1449 1698 mutare
1495 1658 1693 1700 videntur

77 1735 250 1775 alteram
281 1739 417 1776 utram
449 1735 492 1775 in
527 1739 689 1790 partem
722 1735 867 1788 filum,
900 1749 980 1790 quo
1016 1735 1183 1789 longius
1219 1735 1397 1788 absunt,
1447 1736 1550 1777 scire
1592 1737 1691 1778 licet

75 1826 277 1867 perquam
315 1812 504 1868 pauxillo
546 1826 667 1867 posse
713 1813 895 1853 minores
942 1826 1032 1853 esse
1077 1812 1144 1853 vel
1186 1812 1342 1866 exigua
1371 1813 1539 1854 maioris
1570 1819 1688 1869 parte

76 1890 319 1946 brevique.”

133 1968 372 2009 Postremos
402 1967 477 2008 hos
509 1981 652 2008 versus
670 1980 832 2022 quoque
854 1967 977 2021 plane
1000 1981 1094 2007 cum
1115 1967 1289 2022 Epicuri
1311 1969 1449 2010 verbis
1471 1969 1690 2011 concinere

77 2045 198 2087 facile
234 2050 421 2100 apparet.
463 2045 590 2100 Apud
613 2045 861 2086 Lucretium
884 2048 1024 2085 tamen
1048 2044 1257 2086 distinctio
1276 2046 1372 2086 solis
1389 2047 1690 2100 magnitudinis

78 2125 175 2166 κατὰ
216 2128 288 2176 μὲν
319 2125 366 2165 τὸ
397 2125 505 2178 πρὸς
537 2125 643 2175 ἡμᾶς
675 2126 717 2163 et
748 2124 846 2165 κατὰ
878 2123 924 2164 τὸ
958 2123 1040 2164 κατ’
1073 2123 1172 2165 αὐτὸ
1204 2137 1287 2164 non
1319 2124 1553 2178 invenitur;
1596 2139 1691 2166 cum

78 2205 218 2242 autem
264 2200 372 2242 hanc
404 2201 713 2241 distinctionem
743 2199 1010 2254 neglexerit,
1056 2214 1146 2240 rem
1177 2201 1374 2241 turbavit.
1434 2201 1549 2243 Dicit
1580 2203 1692 2243 enim

83 2293 183 2332 „nec
220 2280 346 2320 nimio
378 2279 475 2319 solis
505 2279 636 2319 maior
667 2283 758 2320 rota
788 2292 864 2318 nec
895 2278 1031 2318 minor
1061 2278 1182 2319 ardor
1214 2293 1303 2319 esse
1335 2283 1499 2334 potest,
1540 2281 1693 2321 nostris

79 2371 203 2413 quam
234 2357 422 2398 sensibus
454 2370 544 2397 esse
575 2357 768 2397 videtur”
803 2357 932 2409 (564,
972 2357 1056 2406 65).
1098 2355 1211 2410 Ergo
1242 2361 1416 2411 possunt
1448 2371 1537 2398 esse
1567 2358 1692 2413 paulo

78 2434 240 2475 minora
270 2434 337 2474 vel
364 2434 547 2487 maiora,
590 2433 699 2489 quod
722 2448 782 2474 vs.
807 2435 887 2475 594
907 2466 916 2486 ,
950 2435 1002 2474 95
1022 2433 1256 2486 affirmant,
1290 2438 1331 2474 et
1353 2438 1495 2475 tamen
1518 2434 1617 2476 dicit
1639 2435 1690 2476 de

80 2512 186 2553 sole:
224 2511 381 2564 „videri
397 2512 457 2551 nil
477 2511 580 2553 adeo
601 2515 648 2552 ut
669 2512 801 2567 possis
817 2512 910 2567 plus
932 2515 1004 2552 aut
1024 2511 1161 2552 minus
1183 2511 1357 2565 addere,
1389 2513 1516 2553 vere’'
1544 2514 1660 2566 (574)
1680 2545 1690 2567 ,

79 2686 152 2718 pag.
188 2679 248 2708 353
283 2687 320 2708 ea
350 2677 474 2708 addunt
495 2678 535 2708 ad
557 2677 674 2716 verba,
707 2687 789 2718 quae
811 2677 987 2709 laudantur
1010 2687 1027 2708 e
1049 2676 1132 2708 libro
1156 2675 1207 2707 XI
1233 2677 1308 2717 περὶ
1332 2676 1479 2717 φύσεωςε
1506 2676 1562 2708 sed
1582 2686 1688 2717 neque

80 2737 126 2770 sic
148 2738 309 2770 sententia
330 2743 416 2770 recte
438 2739 602 2780 procedit:
629 2740 722 2771 credo
745 2740 903 2781 quaedam
925 2738 1093 2771 excidisse.

124 2800 147 2838 ¹)
191 2800 247 2832 Vs.
273 2802 333 2831 564
357 2811 444 2842 seqq.

123 2863 150 2904 2)
196 2862 250 2894 Vs.
275 2864 347 2896 575.
394 2863 447 2894 Ita
469 2863 610 2904 Pythag.
638 2863 692 2904 (D.
717 2863 755 2894 L.
779 2862 869 2895 VIII
886 2887 893 2901 ‚
920 2863 984 2904 27.)
1009 2861 1236 2901 Democritus,
1260 2861 1326 2893 alii.

123 2926 148 2966 ³)
194 2925 250 2958 Vs.
275 2927 348 2959 576.
394 2925 447 2958 Sic
470 2925 658 2958 Heraclitus
704 2926 802 2964 (Plut.
825 2925 907 2966 plac.
932 2926 981 2958 ΙΙ.
1006 2926 1060 2967 28)
1083 2925 1213 2967 ah'ique.

124 2987 151 3029 4)
198 2988 238 3020 D.
263 2989 301 3020 L.
325 2989 366 3020 X.
392 2990 442 3020 94.
