1894 3235
872 158 952 200 163

173 294 393 335 Lucretius
423 307 630 334 summum
659 292 764 333 illud
793 293 949 333 bonum
979 292 1063 333 iam
1094 295 1242 332 nactus
1273 294 1336 332 est
1363 293 1405 331 et
1427 304 1501 331 sua
1519 289 1719 331 felicitate

115 371 299 426 gaudens
343 371 599 426 aliorumque
645 383 804 410 errores
835 374 877 410 et
908 373 1087 409 terrores
1117 373 1159 409 et
1190 367 1439 423 cupiditates
1470 366 1720 422 tranquillus

117 446 348 502 despiciens
389 451 431 488 et
461 446 680 501 deplorans
715 446 905 498 „Suave,
938 445 1097 500 inquit,
1138 444 1242 485 mari
1271 457 1423 498 magno
1454 442 1720 483 turbantibus

116 538 297 580 aequora
326 525 488 577 ventis,
535 538 557 565 e
588 528 700 565 terra
728 537 928 578 magnum
959 523 1129 564 alterius
1159 526 1347 578 spectare
1378 521 1591 574 laborem;
1637 534 1720 561 non

117 602 214 657 quia
243 602 390 642 vexari
421 606 712 657 quemquamst
742 601 924 642 iucunda
955 601 1174 656 voluptaS,
1206 599 1278 641 sed
1309 599 1459 655 quibus
1488 598 1579 653 ipse
1599 597 1720 638 malis

117 693 257 720 careas
288 679 385 734 quia
416 693 584 720 cernere
617 693 744 720 suave
776 684 865 720 est:
899 692 1024 719 suave
1056 679 1182 719 etiam
1203 678 1302 718 belli
1322 676 1550 718 certamina
1569 688 1723 729 magna

116 757 225 798 tueri
268 771 343 812 per
374 772 540 812 campos
571 758 800 811 instructa,
849 762 918 798 tua
951 757 1039 798 sine
1070 762 1188 812 parte
1220 756 1393 811 pericli:
1441 754 1514 796 sed
1543 754 1603 794 nil
1634 753 1722 793 du]-

116 834 204 874 cius
250 838 339 887 est,
386 834 492 875 bene
539 849 663 889 quam
707 835 869 874 munita.
914 839 1057 874 tenere
1104 833 1216 874 edita
1256 832 1443 873 doctrina
1485 831 1722 886 sapientum

117 912 274 967 templa-
318 926 488 964 serena,
536 912 748 967 despicere
788 911 898 952 unde
931 925 1057 966 queas
1088 911 1189 952 alias
1219 911 1456 965 passimque
1487 908 1629 949 videre
1661 921 1723 948 er-

114 1003 208 1029 rare
253 994 377 1044 atque
424 990 534 1030 viam
566 989 746 1044 palantis
777 1002 976 1044 quaerere
1009 989 1148 1041 vitae,
1196 992 1355 1028 certare
1387 986 1581 1041 ingenio,
1628 999 1723 1026 con-

117 1065 289 1106 tendere
335 1066 580 1119 nobilitate,
627 1071 769 1106 noctes
815 1070 939 1120 atque
986 1065 1073 1105 dies
1118 1065 1196 1104 niti
1226 1068 1466 1119 praestante
1497 1063 1639 1103 labore
1669 1060 1722 1103 ad

117 1157 297 1184 summas
329 1157 540 1197 emergere
572 1157 671 1198 opes
701 1157 923 1198 rerumque
954 1142 1108 1197 potiri''
1134 1142 1180 1195 ¹).

176 1220 281 1262 Cum
312 1226 452 1261 autem
483 1221 570 1276 ipse
601 1225 717 1261 tanta
747 1235 849 1275 pace
883 1225 923 1261 et
945 1219 1247 1275 tranquillitate
1269 1217 1397 1258 animi
1418 1217 1606 1269 fruatur,
1639 1215 1723 1256 effi-

119 1312 211 1339 cere
244 1303 416 1339 conatur
446 1304 492 1339 ut
523 1312 665 1339 omnes
697 1312 839 1339 earum
870 1298 1095 1353 participes
1125 1297 1226 1337 fiant
1258 1300 1300 1336 et
1330 1310 1354 1336 a
1383 1295 1527 1347 malis,
1575 1294 1724 1349 quibus

118 1376 356 1417 cruciantur
396 1390 470 1431 per
501 1380 630 1417 totam
660 1376 813 1428 vitam,
845 1375 1089 1416 liberentur.
1150 1373 1316 1414 Horum
1348 1377 1488 1413 autem
1519 1372 1723 1412 malorum

120 1454 304 1494 omnium
350 1458 486 1494 metus
533 1458 574 1495 et
619 1458 752 1494 terror
797 1458 892 1494 sunt
926 1466 1096 1503 causae,
1142 1456 1280 1491 metus
1310 1465 1452 1491 rtusus
1483 1454 1524 1491 et
1555 1449 1725 1490 terroris

121 1544 245 1571 causa
290 1535 350 1571 est
396 1531 657 1585 ignorantia:
710 1534 911 1584 „temptat
956 1529 1066 1569 enim
1114 1527 1282 1568 dubiam
1322 1530 1507 1567 mentem
1552 1525 1723 1567 rationis

119 1608 309 1662 egestas”
330 1608 356 1648 2.
402 1608 608 1648 Homines
640 1622 733 1648 cum
764 1616 938 1659 ventos⁷
970 1606 1166 1658 fulmina,
1199 1610 1335 1645 terrae
1362 1609 1526 1657 motus,
1559 1604 1722 1658 aliaque

117 1685 409 1741 phaenomena-
450 1686 660 1741 explicare
692 1700 775 1726 non
805 1693 1001 1740 possent,
1049 1684 1125 1724 diis
1157 1698 1205 1724 ea.
1234 1683 1502 1735 tribuebant,
1549 1696 1723 1737 quorum

117 1762 322 1817 imagines
362 1763 405 1803 in
437 1764 590 1804 somnis
620 1764 702 1804 iam
733 1763 925 1803 viderant
948 1761 992 1815 8).
1052 1761 1172 1802 Idem
1203 1761 1429 1815 Epicurus:
1472 1761 1606 1815 ὥσπερ
1638 1760 1720 1815 γὰρ

119 1843 141 1883 ὁ
173 1848 245 1889 τῆς
274 1840 461 1896 βροντῆς
493 1843 673 1892 κτύπος,
719 1842 826 1883 sca-3702
858 1854 982 1896 φασιν
1013 1841 1306 1894 Ἐπικουρείων
1336 1836 1499 1886 παῖδες,
1543 1838 1591 1879 οὐ
1623 1839 1722 1878 «θεοῦ

117 1919 231 1967 τινὸς
264 1920 496 1973 ἐπιφάνειαν
529 1921 711 1970 σημαίνει
743 1918 854 1960 ἀλλὰ
886 1924 973 1968 τοῖς
1006 1915 1182 1965 ἰδιώταις
1214 1919 1276 1958 καὶ
1310 1913 1724 1968 δεισιδαίμοσιτοιοῦ-

117 2013 189 2043 τος
223 1996 320 2036 εἶναι
354 1994 608 2048 &officia-affl)
635 2027 643 2035 .
669 2027 676 2035 .
702 2028 709 2035 .
769 1996 1021 2050 Ἐπίκουρος
1053 1993 1092 2037 δὲ
1124 1996 1163 2036 ἐκ
1193 1998 1276 2035 τῶν
1309 1994 1407 2035 κατὰ
1438 1995 1535 2043 τοὺς
1567 1993 1725 2040 ὕπνους

121 2075 359 2125 φαντασιῶν
390 2072 512 2113 οἴεται
543 2075 641 2120 τοὺς
672 2073 923 2126 ἇνὲρώπους
956 2072 1119 2113 ’ἔννοιαν
1141 2072 1351 2112 ἐσπακέναι
1370 2073 1468 2111 θεοῦ
1489 2082 1496 2090 ·
1528 2068 1724 2124 μεγάλων

120 2149 203 2203 ’γὰρ
239 2147 444 2199 εἰδώλων,
491 2153 617 2204 φησί,
650 2153 710 2191 καὶ
745 2149 1118 2203 ἆνὲρωπομόρφων
1151 2149 1248 2189 κατὰ
1280 2149 1377 2198 τοὺς
1408 2147 1566 2195 ὕπνους
1596 2164 1723 2201 προς-

117 2228 356 2268 πιπτόντων
404 2225 622 2282 ὑπέλαβον
667 2230 728 2268 καὶ
761 2233 849 2277 ταῖς
882 2226 1094 2274 ἀληθείαις
1127 2226 1330 2280 ὑπάρχειν
1361 2225 1480 2271 τινὰς
1510 2225 1725 2272 τοιούτους

118 2305 241 2351 θεοὺς
274 2304 665 2359 ἀνθρωπομόρφους
687 2305 733 2356 5).
795 2303 899 2344 Cum
931 2317 1070 2343 rerum
1101 2311 1291 2343 naturam
1323 2315 1405 2341 non
1435 2300 1722 2355 perspicerent

117 2393 264 2420 verum
309 2380 535 2435 perfectam
581 2395 671 2421 eam
719 2395 807 2421 esse
854 2380 1151 2434 opinarentur,
1197 2378 1275 2419 hoe
1317 2377 1579 2418 adlaudabile
1621 2391 1724 2432 opus

119 2454 318 2496 divinitus
349 2469 438 2497 esse
469 2461 660 2512 paratum
691 2457 937 2509 credebant,
974 2460 1098 2511 atque
1131 2469 1152 2496 e
1183 2455 1313 2495 nihilo
1346 2454 1444 2495 deos
1471 2453 1610 2495 omnia
1630 2467 1724 2509 pro-

119 2546 280 2574 creasse
301 2532 348 2587 ὓ).
407 2534 650 2588 Ignorantia
679 2549 801 2590 porro
832 2534 1024 2587 adducti,
1074 2533 1237 2586 „omnia-
1266 2545 1387 2588 posse
1419 2531 1551 2586 (deos)
1583 2531 1724 2572 miseri

164 2704 188 2744 1)
235 2704 292 2743 ΙΙ,
319 2706 431 2735 1-13.

163 2767 188 2809 2)
234 2767 282 2805 V,
309 2768 400 2797 1211.

162 2831 186 2867 ³)
230 2829 282 2868 V,
307 2831 526 2860 1161—1240.

162 2891 189 2933 4)
236 2891 324 2923 Sext.
347 2891 441 2931 Emp.
464 2891 537 2922 adv.
561 2891 712 2923 mathem.
735 2891 785 2923 VI
799 2915 807 2930 ‚
833 2893 882 2922 19.

164 2953 191 2994 ⁵)
236 2953 325 2985 Sext.
348 2953 445 2993 Emp.
468 2953 538 2985 adv.
561 2952 713 2985 mathem.
740 2953 814 2992 IX,
839 2955 888 2985 25.

164 3015 190 3057 ⁶)
235 3015 287 3056 V,
312 3017 390 3054 156,
416 3017 483 3047 198.
527 3015 566 3054 1,
593 3017 663 3047 150.

1473 3077 1554 3118 11*
