1894 3235
922 101 1003 142 130

152 235 428 292 praeterimus
474 249 571 277 011111
611 236 848 277 accuratius
891 235 1085 277 debuisse
1118 236 1284 278 dicere:
1323 241 1472 293 „atque
1503 237 1600 279 inde
1632 252 1772 280 rever-

153 318 275 368 tens,
315 328 395 368 per
428 318 575 368 partes
618 327 770 354 rursus
817 315 1017 367 aestivas,
1066 316 1202 356 cancri
1237 328 1279 355 se
1312 319 1357 356 ut
1389 319 1526 356 vertat
1556 320 1690 357 metas
1721 316 1774 358 ad

154 391 451 444 solstitiales⁷’,
484 395 625 431 tamen
657 394 745 430 tota
778 391 1005 445 explicatio
1039 391 1227 445 intellegi
1261 406 1341 432 11011
1374 396 1540 446 potest,
1581 393 1660 433 nisi
1693 393 1776 448 pri-

153 483 269 510 mum
302 469 463 510 dicatus¹
494 468 696 509 circulum
729 468 955 509 Zodiacum
988 469 1279 524 obliquitatem
1311 469 1467 510 habere
1499 469 1552 510 ad
1573 470 1774 526 circulum

152 547 514 603 aequinoctialem:
534 560 630 586 nam
653 559 747 586 cum
769 546 1012 600 exposuerit
1034 552 1159 601 poeta
1176 547 1305 587 solem
1329 547 1509 603 relinqui
1527 561 1622 588 cum
1639 552 1776 603 poste-

152 624 330 665 rioribus
362 623 519 678 signis,
553 622 738 664 nondum
772 623 1040 678 perspicuum
1073 628 1135 665 est
1168 626 1237 679 qui
1271 629 1469 665 revertere
1501 626 1617 678 (616)
1648 625 1777 680 possit

154 702 241 755 sol,
274 715 410 757 neque
443 715 485 742 se
519 705 686 742 vertere
718 701 770 742 ad
802 705 930 741 metas
962 702 1207 743 solstitialis.
1269 702 1333 743 De
1364 702 1441 743 hac
1475 702 1643 744 Zodiaci
1675 702 1776 744 obli-

154 780 315 836 quitate
346 784 489 822 tamen
522 793 574 821 ne
606 779 781 820 verbum
814 779 984 835 quidem
1019 779 1131 820 dicit.

212 858 263 899 In
309 857 542 899 Democriti
588 857 835 912 fragmentis
883 857 985 899 haec
1033 857 1222 898 doctrina
1263 872 1346 898 non
1386 858 1624 899 invenitur:
1673 857 1776 900 haee

153 940 297 977 tamen
329 950 412 976 non
445 939 508 976 est
539 949 665 976 causa
696 950 768 976 0111·
799 935 850 976 111)
874 949 923 976 eo
957 949 1049 976 eam
1071 935 1383 989 abiudicemus,
1414 936 1661 991 praesertim
1682 950 1777 977 011111

152 1013 258 1054 nihil
289 1013 410 1066 insit,
443 1012 555 1068 quod
587 1012 676 1053 eius
708 1012 922 1053 doctrinae
954 1017 1185 1067 repugnet,
1218 1022 1343 1068 atque
1376 1027 1472 1054 eum
1503 1013 1546 1054 in
1576 1013 1651 1054 has
1683 1013 1777 1054 doe-

152 1091 283 1132 trinas
314 1090 541 1145 diligenter
571 1090 811 1131 incubuisse
844 1100 1045 1145 appareat
1077 1104 1131 1131 ex
1165 1091 1255 1132 eius
1287 1091 1555 1146 Fraginentis
1575 1091 1777 1133 Astrono-

152 1169 272 1210 mieis
304 1168 417 1224 apud
448 1168 727 1210 Miillachium
760 1169 800 1221 Ι,
833 1182 916 1223 pag
963 1170 1074 1221 368,
1109 1170 1174 1209 69.

212 1248 335 1288 Haec
376 1247 611 1288 Democriti
644 1247 871 1302 explicatio
903 1247 1089 1287 maxime
1121 1247 1318 1287 Lucretio
1350 1247 1556 1302 placuisse
1587 1247 1776 1301 videtur,

156 1325 394 1381 quodcum
425 1338 479 1366 ex
511 1338 588 1378 00,
622 1323 733 1379 quod
764 1324 935 1364 uberius
967 1338 1059 1365 eam
1092 1324 1311 1380 exposuit,
1346 1328 1434 1365 tum
1466 1339 1521 1366 ex
1551 1325 1622 1366 illo
1657 1339 1776 1378 „cum

155 1403 328 1459 primis”
375 1403 448 1456 (vs.
498 1403 593 1454 621)
636 1406 823 1457 apparet.
886 1401 969 1442 Sed
1013 1406 1152 1442 tamen
1206 1402 1289 1442 alia
1338 1403 1498 1444 ratione
1540 1417 1610 1444 eos
1642 1403 1777 1444 flexus

156 1482 346 1536 (τροπάς)
376 1480 466 1521 fieri
497 1493 646 1535 posse,
678 1493 834 1533 negare
866 1493 949 1520 non
981 1484 1131 1534 potest.
1191 1480 1301 1520 Nam
1331 1484 1378 1521 ut
1413 1480 1612 1533 „diversis
1634 1481 1778 1523 nubila

156 1559 293 1600 ventis
326 1559 512 1600 diversas
544 1559 604 1599 ire
637 1558 679 1598 in
711 1558 841 1613 partis
872 1558 1035 1598 inferna
1067 1559 1285 1613 superiiis'*
1319 1559 1395 1612 (vs.
1430 1560 1529 1613 644)
1562 1559 1775 1613 videmus,

157 1637 215 1679 sic
261 1637 389 1678 etiam
435 1637 523 1677 fieri
562 1640 701 1692 potest
733 1641 779 1676 ut
811 1636 983 1689 alternis
1014 1637 1179 1690 ventis,
1227 1637 1483 1692 temporibus
1516 1638 1668 1691 certis,
1716 1637 1777 1679 sol

159 1718 200 1756 et
243 1715 343 1755 luna
387 1714 511 1755 modo
544 1728 598 1755 ex
629 1714 799 1754 aestivis
831 1714 961 1767 signis
993 1713 1043 1755 ad
1076 1714 1307 1755 brumalem
1339 1715 1523 1768 flexum,
1566 1714 1688 1756 modo
1721 1729 1775 1756 ex

161 1792 335 1847 „gelidis
365 1792 531 1846 frigoris
563 1791 748 1832 umbris'’
783 1791 834 1832 ad
865 1795 1023 1832 nietam
1054 1792 1316 1833 solstitialem
1347 1792 1547 1834 serantur.

212 1870 359 1911 Lunae
406 1873 448 1910 01
495 1869 592 1910 30113
638 1873 775 1909 11101113
823 1882 921 1923 ergo
970 1869 1041 1909 uni
1075 1869 1293 1924 eidemque
1325 1884 1474 1911 causae
1507 1869 1776 1924 tribuuntur,

155 1947 266 2004 quod
296 1947 478 2003 Epicuro
511 1961 675 2003 quoque
707 1947 857 2002 placet.
927 1947 1010 1994 Qui
1040 1951 1183 1988 tamen
1214 1948 1437 1989 Lucretius
1460 1948 1601 1990 stellas
1622 1947 1775 1990 addere

154 2025 286 2081 possit
319 2026 392 2078 (vs.
427 2026 551 2079 643),
589 2039 672 2065 non
703 2025 1000 2079 intellegimus.
1042 2026 1140 2081 Ipsa
1171 2026 1283 2067 enim
1315 2026 1541 2082 explicatio
1564 2040 1776 2082 exponere

156 2103 281 2145 debet
328 2103 425 2144 solis
471 2103 679 2159 lunaeque
710 2107 871 2144 motum
917 2118 941 2144 a
986 2108 1220 2145 ceterorum
1266 2104 1449 2145 siderum
1480 2104 1664 2145 motibus
1697 2104 1776 2145 dis-

156 2185 396 2236 crepantem
444 2181 530 2234 ita,
577 2185 624 2221 ut
664 2181 934 2235 retrogradus
982 2195 1071 2222 esse
1103 2181 1308 2223 videatur.
1370 2182 1564 2223 Fortasse
1595 2182 1674 2223 hoe
1705 2196 1776 2223 no-

155 2259 268 2300 mine
311 2259 527 2300 stellarum
558 2259 782 2300 Lucretius
814 2259 881 2299 hie
913 2259 1103 2314 planetas
1136 2260 1223 2301 sive
1255 2260 1438 2301 errantia
1469 2260 1605 2302 sidera
1635 2264 1774 2314 notat,

155 2350 332 2393 quorum
371 2340 510 2377 motus
555 2351 720 2392 quoque
765 2352 789 2378 a
836 2321 1070 2378 ceterorum
1102 2337 1349 2393 discrepant.
1412 2337 1552 2379 Etiam
1584 2338 1674 2379 fieri
1705 2352 1776 2394 po-

157 2418 258 2467 test,
306 2418 353 2455 ut
394 2414 619 2456 Lucretius
664 2414 743 2456 hoc
774 2416 1024 2457 vocabulum
1065 2415 1106 2456 in
1149 2429 1197 2456 eo
1229 2430 1344 2457 nexu
1375 2415 1487 2471 apud
1517 2416 1774 2472 Epicurum,

157 2505 180 2533 e
226 2506 307 2548 quo
353 2493 498 2548 procul
540 2492 666 2534 dubio
712 2492 819 2534 hanc
867 2507 1031 2549 quoque
1079 2493 1309 2535 doctrinam
1346 2493 1508 2547 hausit,
1552 2494 1773 2535 invenerit,

157 2569 320 2611 Auctor
365 2571 476 2611 enim
522 2570 647 2612 huius
695 2571 908 2612 doctrinae
955 2576 1018 2612 est
1063 2571 1380 2625 Anaximenes,
1428 2572 1498 2628 qui
1545 2572 1774 2614 seeundum

159 2648 386 2689 Stobaeum
410 2649 434 2702 ¹)
467 2649 607 2690 docuit
638 2651 719 2691 ὑπὸ
751 2652 1067 2703 πεπυκνωμένου
1099 2651 1219 2704 ἀέρος
1253 2653 1315 2692 καὶ
1349 2649 1573 2692 ἀντιτύπου
1595 2649 1774 2698 ἐξωθού-

156 2744 257 2779 μενα
298 2727 347 2768 τὰ
388 2726 519 2782 ἄστρα
560 2727 636 2775 τὰς
676 2728 837 2782 τροπὰς
873 2730 1102 2769 ποιεῖσθαιε
1150 2726 1260 2767 1(10111
1292 2726 1546 2768 Plutarchus
1563 2726 1591 2781 2)
1622 2726 1773 2781 refert,

201 2914 225 2953 ι)
271 2914 310 2954 Ι,
335 2917 408 2947 524.

200 2976 227 3018 ²)
273 2977 360 3009 Plac.
385 2977 445 3017 11,
471 2980 521 3010 23.
