1894 3235
869 171 948 211 152

104 306 203 348 solis
249 320 384 348 sermo
432 306 497 347 sit.
558 303 798 359 Descriptio
835 303 982 359 procul
1023 302 1148 344 dubio
1194 317 1278 344 non
1323 306 1387 344 est
1437 301 1650 344 elaborata
1680 306 1724 343 et

102 384 301 440 perfecta.
360 384 471 425 Nam
502 397 584 438 qua
614 382 655 422 vi
686 381 790 422 haec
822 395 952 434 saxa,
999 382 1220 434 flammae,
1253 385 1351 422 cett.
1384 380 1621 422 eicerentur
1651 394 1724 421 ex-

102 463 265 518 posuit,
297 462 371 503 sed
401 461 505 503 haec
537 464 702 501 tantum
733 474 830 515 pars
852 463 915 500 cst
934 459 1064 500 totius
1082 459 1377 514 phaenomcni.
1440 459 1574 500 Poeta
1596 459 1724 500 etiam

102 540 267 582 locutus
298 544 360 580 est
392 539 442 579 de
473 538 566 579 aliis
597 537 899 593 phaenomenis
920 570 929 589 ,
952 550 1060 592 quae
1082 537 1115 577 si
1138 537 1392 597 explicasset
1411 569 1420 589 ,
1442 536 1606 577 facilius
1626 535 1725 592 quid

102 618 205 660 velit
251 617 596 671 intellegeretur,
643 630 738 657 cum
785 615 1079 671 phaenomena
1123 614 1227 656 haec
1273 628 1328 656 ex
1379 614 1552 670 Epicuri
1583 618 1725 656 monte

102 708 250 736 revera
299 708 394 734 cum
445 693 575 734 totius
625 692 771 734 mundi
822 692 1065 733 condicione
1117 691 1382 733 cohaereant.
1444 692 1567 733 Dixit
1613 691 1725 733 enim

106 773 417 825 „flammescere
451 770 642 812 caelum:
676 770 718 811 id
751 784 916 826 quoque
949 769 1061 810 enim
1093 770 1161 823 fit,
1203 774 1245 810 et
1275 769 1499 811 ardescunt
1529 769 1728 810 caelestia

101 849 286 904 templa,
332 851 374 889 et
420 851 694 903 tempestates
742 848 910 903 pluviae
949 847 1139 902 graviore
1172 851 1318 888 coortu
1349 851 1469 901 sunt,
1515 847 1588 888 ubi
1619 847 1726 889 forte

102 927 162 968 ita
206 940 249 967 se
294 926 528 967 tetulerunt
574 925 736 966 semina
782 925 1012 981 aquarum’'
1043 923 1077 978 ¹).
1140 925 1321 979 Magnae
1369 930 1412 966 et
1452 925 1727 967 vehementes

102 1005 344 1060 eruptiones
374 1004 501 1058 vulgo
533 1018 616 1044 non
648 1004 737 1044 sine
768 1004 952 1057 tonitru,
984 1003 1187 1057 fulmine,
1210 1007 1462 1058 tempestate
1485 1007 1583 1044 cett.
1607 1003 1726 1045 fiunt.

101 1083 213 1125 Illud
265 1082 514 1136 „ardescunt
560 1082 759 1123 caelestia
800 1082 986 1137 templa’'
1029 1095 1112 1122 non
1143 1081 1277 1122 solum
1309 1081 1510 1137 exprimit
1539 1082 1728 1123 flammas

105 1175 128 1203 e
175 1160 329 1202 montis
370 1160 561 1201 faucibus
602 1164 873 1214 erumpentes
922 1159 966 1199 in
997 1159 1112 1200 caelo
1144 1159 1379 1214 refulgere,
1421 1173 1568 1200 verum
1600 1159 1728 1201 etiam

104 1240 243 1295 ipsum
288 1239 451 1280 caelum
496 1237 743 1279 fulminibus
785 1237 1002 1279 ardescere
1035 1241 1078 1279 et
1109 1237 1227 1293 quasi
1258 1252 1342 1278 una
1374 1251 1468 1279 cum
1500 1242 1613 1279 terra
1642 1251 1728 1279 mo-

104 1317 195 1359 veri
237 1320 279 1358 et
319 1316 494 1358 turbari.
556 1316 670 1370 Ergo
702 1329 798 1356 cum
828 1315 934 1356 haec
966 1315 1165 1357 caelestia
1195 1314 1489 1370 phaenomena
1518 1330 1603 1357 una
1633 1329 1729 1357 cum

101 1394 257 1435 montis
303 1393 523 1449 eruptione
569 1406 701 1434 unum
746 1391 946 1433 horribile
989 1392 1276 1447 spectaculum
1307 1392 1566 1448 praebeant,
1599 1396 1728 1448 poeta

103 1471 295 1525 monuit,
332 1475 404 1524 „ut
434 1470 716 1512 reminiscaris
748 1484 954 1512 summam
978 1484 1118 1511 rerum
1141 1484 1231 1511 esse
1253 1470 1502 1525 profundam
1524 1475 1566 1512 et
1586 1470 1730 1512 videas

104 1550 269 1592 caelum
302 1550 480 1591 summai
511 1549 639 1590 totius
671 1563 802 1590 unum
835 1563 959 1604 quam
991 1549 1044 1589 sit
1076 1549 1251 1604 parvula
1282 1563 1401 1604 pars,
1448 1548 1572 1590 homo
1604 1549 1730 1591 terrai

101 1632 228 1684 quota
260 1628 392 1669 totius
423 1627 558 1669 unus”
581 1626 642 1681 ²),
675 1627 873 1682 quoniam
905 1626 965 1667 ita
996 1626 1284 1667 tantummodo
1305 1627 1455 1681 ingens
1476 1631 1518 1668 et
1538 1627 1729 1669 mirabile

100 1706 179 1748 hoc
224 1705 546 1762 phaenomenon
577 1705 770 1759 intellegi
811 1709 976 1760 potest,
1024 1704 1058 1745 si
1091 1704 1239 1745 statuis
1270 1704 1454 1760 undique
1486 1718 1508 1746 e
1540 1705 1655 1746 caelo
1687 1708 1729 1746 et

100 1789 213 1827 terra
257 1785 382 1826 huius
426 1785 525 1826 mali
573 1784 733 1825 semina
778 1788 992 1840 tamquam
1037 1784 1081 1825 in
1121 1784 1240 1825 ulcus
1272 1785 1483 1825 confluere
1515 1788 1558 1825 et
1589 1784 1728 1826 subito

103 1876 338 1918 erumpere.
371 1887 424 1891 —
457 1862 603 1917 Ipsum
627 1860 871 1902 Lucretium
911 1861 1079 1903 Aetnae
1115 1861 1269 1902 montis
1302 1862 1571 1917 eruptionem
1592 1861 1728 1915 vidis,

103 1954 147 1982 sc
193 1940 439 1983 confirmare
485 1939 599 1980 haud
630 1939 792 1981 ausim:
840 1939 883 1980 in
915 1939 1194 1995 descriptione
1225 1940 1315 1981 eius
1346 1939 1452 1980 nihil
1484 1943 1576 1993 est,
1617 1939 1728 1996 quod

104 2018 146 2060 id
193 2018 414 2060 ostendat:
462 2032 600 2074 neque
647 2019 941 2074 eruptionem,
989 2033 1115 2074 quam
1145 2032 1206 2060 vs.
1241 2020 1318 2060 641
1355 2032 1468 2074 seqq.
1501 2022 1729 2071 memorat,

105 2110 156 2138 eo
203 2100 423 2152 tempore,
456 2110 538 2152 quo
568 2100 695 2151 poeta
724 2095 923 2144 vivebat,
955 2095 1108 2137 factam
1141 2109 1231 2137 esse
1263 2099 1437 2137 constat.
1499 2095 1731 2150 Epicurum

106 2174 158 2216 de
201 2174 254 2215 iis
298 2174 425 2215 rebus
472 2174 715 2229 scripsisse,
762 2174 907 2215 videre
945 2174 1044 2215 licet
1075 2188 1097 2214 e
1130 2173 1316 2215 Senecae
1347 2177 1432 2214 nat.
1465 2177 1625 2229 quaest.
1657 2173 1729 2226 II,

109 2267 199 2308 cap.
233 2254 300 2294 20.
363 2252 524 2293 Seneca
554 2252 613 2293 ibi
647 2252 697 2293 de
729 2255 866 2293 terrae
897 2252 1082 2293 motibus
1114 2256 1155 2292 et
1187 2252 1280 2293 aliis
1312 2251 1515 2292 eiusmodi
1547 2250 1732 2306 phaeno-

106 2331 242 2371 menis
257 2330 423 2371 locutus
442 2363 451 2383 ,
468 2334 691 2386 postquam
708 2331 1164 2385 praestantissimorum
1182 2329 1445 2385 antiquitatis
1465 2328 1732 2384 philosopho·

108 2422 202 2448 rum
235 2408 453 2463 opiniones
484 2408 656 2461 retulit,
699 2408 757 2449 sic
789 2408 956 2463 porgit:
1014 2407 1196 2459 „Omnes
1227 2407 1328 2448 istas
1350 2420 1471 2462 posse
1509 2420 1599 2448 esse
1635 2420 1731 2448 cau-

108 2500 174 2527 sas
207 2485 417 2541 Epicurus
449 2486 508 2526 ait
539 2485 764 2541 pluresque
787 2485 889 2527 alias
910 2489 1090 2540 temptat
1112 2488 1153 2525 et
1176 2485 1301 2537 alios,
1330 2485 1400 2540 qui
1423 2483 1581 2540 aliquid
1601 2497 1732 2525 unum

108 2577 163 2605 ex
194 2563 285 2605 istis
317 2577 408 2605 esse
440 2563 755 2605 affirmaverunt
786 2563 986 2618 corripit,
1027 2577 1122 2604 cum
1154 2563 1206 2603 sit
1238 2562 1414 2604 arduum
1447 2562 1498 2603 de
1529 2561 1594 2603 his
1624 2575 1731 2618 quae

108 2641 349 2682 coniectura
395 2641 608 2696 sequenda
652 2645 750 2681 sunt
796 2640 954 2696 aliquid
995 2640 1099 2681 certi
1131 2639 1420 2694 promittere''.
1481 2639 1576 2680 Hoc
1606 2639 1731 2694 plane

108 2733 203 2761 cum
250 2719 471 2772 omnibus,
519 2733 626 2774 quae
670 2718 721 2759 de
768 2718 941 2773 Epicuri
989 2718 1173 2759 doctrina
1223 2722 1264 2758 et
1310 2717 1450 2758 indole
1482 2717 1601 2758 nobis
1631 2721 1732 2758 nota

108 2796 219 2849 sint,
267 2795 514 2849 concinere,
547 2795 766 2836 ostendere
798 2809 881 2836 non
914 2809 1017 2850 opus
1049 2795 1141 2835 erit.
1204 2794 1370 2835 Deinde
1401 2794 1528 2835 refert
1559 2793 1730 2849 Epicuri

155 2976 179 3016 ¹)
227 2976 284 3009 Vs.
309 2978 370 3008 669
394 2986 483 3018 seqq.

152 3037 180 3078 ²)
226 3037 282 3069 Vs.
309 3039 370 3069 649
394 3048 482 3079 seqq.
