1894 3235
927 131 1008 171 140

161 262 274 313 „sine
307 262 423 303 voltu
453 276 577 303 caeca
607 267 798 318 reperta,
845 263 1068 319 vinctaque
1101 263 1389 304 membrorum
1420 277 1496 318 per
1526 268 1660 304 totum
1690 278 1777 305 cor-

161 353 263 393 „pus
308 338 521 392 adhaesu,
568 353 645 381 nec
686 340 823 381 facere
855 345 901 381 ut
932 346 1103 396 possent
1133 342 1358 396 quicquam
1389 355 1466 383 nec
1499 341 1647 382 cedere
1678 356 1777 398 quo—

161 430 311 471 „quam
342 430 417 458 nec
449 417 582 458 vitare
614 417 771 458 malum
803 432 879 459 nec
912 432 1076 459 sumere
1108 419 1218 474 quod
1251 419 1358 459 foret
1389 433 1500 460 usus.
1544 419 1696 461 Cetera
1726 419 1777 460 de

161 506 341 548 „genere
372 494 451 535 hoc
482 500 666 536 monstra
696 510 743 537 ac
775 500 969 551 portenta
1001 497 1192 550 creabat,
1239 511 1290 538 ne
1322 497 1548 552 quiquam,
1581 497 1777 552 quoniam

162 576 337 623 „natura
379 572 605 613 absterruit
637 578 836 626 auctum,
883 588 959 615 nec
994 579 1166 626 potuere
1201 570 1404 630 cupitum'
1423 575 1573 615 aetatis
1605 579 1778 630 tangere

160 649 330 701 „florem
376 664 452 691 nec
497 651 681 706 reperire
728 651 868 692 cibum
911 665 987 693 nec
1018 653 1135 706 iungi
1167 666 1243 708 per
1275 653 1457 694 Veneris
1487 656 1594 694 res.’'
1658 653 1778 694 Haec

155 731 341 769 monstra
386 737 482 769 sunt
527 729 645 784 quasi
691 733 866 770 conatus
908 730 1120 770 creatricis
1152 735 1352 783 naturae,
1396 735 1570 771 conatus
1600 731 1670 786 qui
1703 731 1778 771 im-

155 805 330 860 perfecti
377 811 496 847 erant
542 811 584 847 et
624 806 733 848 hanc
765 806 817 848 ob
849 821 936 848 rem
969 808 1142 849 interire
1175 807 1398 849 debebant.
1461 809 1521 849 Ut
1552 809 1681 850 atomi
1714 823 1779 850 ca-

156 881 303 924 dentes
334 897 417 924 non
449 884 591 925 statim
623 884 675 925 ad
707 884 817 925 hunc
848 884 1052 926 mundum
1076 884 1342 926 efficiendum
1366 887 1678 939 confluxerunt,
1707 885 1779 928 sed

153 965 248 1016 post
291 961 533 1003 innumeros
578 975 824 1016 congressus
871 962 1040 1003 demum
1087 962 1291 1004 eiusmodi
1339 963 1508 1004 tandem
1541 963 1779 1019 complexio

155 1043 247 1080 orta
295 1043 388 1093 est,
441 1053 549 1095 quae
602 1040 861 1095 aliquamdiu
914 1040 1063 1081 durare
1110 1045 1275 1095 poterat
1322 1045 1365 1082 et
1411 1047 1549 1082 motus
1589 1042 1696 1082 inire
1727 1041 1780 1083 ad

155 1117 295 1158 omnia
340 1117 521 1158 creanda
566 1122 684 1173 aptos
711 1119 765 1170 ¹),
814 1118 871 1159 sic
919 1118 1008 1173 ipse
1050 1117 1118 1159 hic
1149 1118 1332 1160 mundus
1363 1133 1446 1159 non
1478 1119 1620 1160 statim
1653 1132 1780 1174 opera

155 1193 342 1249 perfecta
387 1199 430 1235 et
461 1194 653 1236 absoluta
683 1195 794 1248 fecit,
814 1194 886 1236 sed
909 1195 1091 1250 primum
1115 1196 1233 1251 quasi
1254 1196 1396 1236 inania
1415 1195 1515 1237 fecit
1532 1195 1776 1237 tentamina.

160 1271 321 1324 „Multa
366 1271 558 1313 videmus
604 1273 717 1314 enim
762 1273 888 1314 rebus
920 1286 1168 1314 concurrere
1201 1273 1384 1326 debere,
1431 1278 1478 1314 ut
1508 1273 1779 1329 propagando

160 1350 346 1405 „possint
376 1350 605 1406 procudere
643 1351 806 1392 saecla''
841 1352 968 1403 (849).
1030 1350 1144 1392 Cave
1175 1355 1317 1392 tamen
1348 1365 1401 1392 ne
1431 1357 1555 1407 putes
1585 1355 1779 1393 naturam

155 1432 341 1469 monstra
385 1429 572 1484 potuisse
603 1429 647 1469 in
681 1429 818 1470 lucem
850 1428 1026 1484 prodere
1057 1433 1104 1470 ut
1136 1429 1395 1481 Centauros,
1444 1429 1634 1485 Scyllas,
1681 1428 1779 1471 Chi-

154 1519 352 1547 maeram.
414 1506 523 1548 Nam
562 1520 669 1563 quae
701 1507 838 1562 prima
869 1506 968 1548 fecit
1000 1512 1119 1548 erant
1149 1507 1419 1562 imperfecta,
1465 1520 1602 1563 neque
1636 1511 1779 1548 tamen

155 1583 291 1625 mixta
312 1597 334 1625 e
357 1584 557 1626 membris
568 1585 753 1640 plurium
776 1585 1044 1638 animalium⁷
1077 1585 1187 1641 quod
1206 1585 1358 1626 rationi
1384 1589 1606 1640 repugnat.
1643 1585 1778 1638 „Nam

159 1661 294 1718 „quod
339 1662 473 1703 multa
514 1663 630 1704 fuere
671 1663 715 1703 in
746 1663 868 1704 terris
898 1663 1058 1704 semina
1089 1676 1230 1704 rerum
1262 1667 1450 1718 tempore
1483 1678 1563 1719 quo
1595 1664 1777 1719 primum

159 1741 310 1793 „tellus
340 1741 539 1782 animalia
570 1741 704 1794 fudit,
740 1741 800 1782 nil
832 1746 973 1782 tamen
1005 1746 1068 1782 est
1099 1741 1206 1795 signi
1239 1741 1397 1782 mixtas
1428 1741 1613 1796 potuisse
1645 1740 1777 1782 creari

159 1819 294 1872 „inter
339 1833 382 1860 se
414 1819 598 1875 pecudes
631 1824 932 1875 compactaque
964 1819 1152 1861 membra
1183 1818 1471 1860 animantum”
1495 1820 1541 1872 2).
1602 1819 1778 1860 Praeter

155 1895 259 1938 haec
300 1902 486 1939 monstra
526 1913 573 1939 ac
618 1903 843 1954 portenta,
890 1911 997 1953 quae
1039 1897 1220 1938 mundus
1270 1897 1463 1949 „creabat
1493 1910 1546 1937 nc
1578 1896 1777 1952 quiquam

153 1975 351 2030 quoniam
381 1980 532 2017 natura
561 1976 789 2017 absterruit
820 1976 1048 2029 auctum’',
1081 1975 1214 2016 multa
1245 1974 1328 2015 alia
1355 1974 1600 2016 animalium
1621 1987 1778 2029 genera

155 2067 319 2109 quoque
356 2054 607 2095 interierunt
636 2067 713 2095 nec
734 2058 963 2109 potuerunt
999 2052 1296 2108 „propagando
1319 2052 1550 2107 procudere
1572 2051 1775 2108 prolem.”

212 2130 386 2184 Omnia,
412 2145 519 2187 quae
541 2131 584 2171 in
602 2131 714 2172 vitae
734 2131 974 2172 discrimine
999 2130 1092 2172 dolo
1111 2135 1183 2171 aut
1200 2130 1356 2170 virtute
1375 2136 1448 2170 aut
1465 2129 1681 2170 celeritate
1703 2133 1776 2170 aut

153 2208 302 2250 robore
332 2213 405 2250 aut
437 2209 584 2265 quovis
614 2209 737 2250 modo
760 2223 843 2250 non
866 2213 1060 2264 poterant
1082 2208 1212 2249 vitam
1236 2207 1460 2248 defendere
1481 2240 1490 2260 ,
1522 2207 1774 2249 interibant:

155 2288 367 2341 nonnulla,
386 2288 464 2329 etsi
481 2287 547 2329 his
564 2288 757 2329 omnibus
780 2292 937 2340 carent,
951 2287 1002 2328 ab
1025 2286 1266 2328 hominibus
1283 2286 1476 2327 utilitatis
1493 2301 1618 2327 causa
1634 2290 1774 2328 tamen

196 2501 222 2543 1)
270 2501 308 2532 Y.
337 2503 413 2535 187:
476 2512 617 2544 namque
639 2502 686 2533 ita
708 2502 813 2533 multa
835 2501 938 2533 modis
961 2500 1084 2532 multus
1108 2500 1283 2540 primordia
1306 2510 1413 2532 rerum

475 2574 516 2596 ex
539 2564 669 2596 infinito
691 2563 757 2595 iam
779 2568 923 2604 tempore
945 2563 1069 2603 percita
1091 2562 1197 2603 plagis

472 2627 734 2669 ponderibusque
756 2626 824 2658 suis
847 2630 1044 2658 consuerunt
1068 2625 1195 2658 concita
1217 2625 1295 2657 ferri

472 2690 730 2732 omnimodisque
755 2691 838 2722 coire
861 2696 959 2731 atque
982 2689 1091 2721 omnia
1114 2692 1329 2730 pertemptare
1343 2713 1350 2727 ,

473 2763 696 2795 quaecumque
719 2752 805 2784 inter
827 2762 860 2784 se
883 2755 1016 2793 possent
1038 2761 1210 2792 congressa
1233 2761 1362 2789 creare,

474 2820 511 2848 ut
533 2827 599 2849 non
621 2817 664 2848 sit
686 2816 824 2854 mirum,
848 2815 876 2847 si
898 2814 934 2846 in
956 2815 1031 2846 talis
1055 2814 1268 2855 disposituras

473 2879 663 2911 deciderunt
683 2889 812 2921 quoque
834 2882 867 2910 et
888 2878 923 2909 in
944 2877 1020 2910 talis
1042 2887 1164 2909 venere
1186 2880 1322 2915 meatus,

474 2942 627 2985 qualibus
649 2942 728 2974 haec
751 2952 858 2974 rerum
881 2941 1005 2983 geritur
1028 2951 1115 2972 nunc
1138 2950 1264 2972 summa
1286 2939 1446 2971 novando.

196 3005 223 3047 ²)
269 3006 324 3038 Vs.
351 3007 529 3039 878—925.
