1894 3235
899 130 921 170 7

283 286 336 290 —
371 287 423 290 —
456 287 508 291 ——
540 276 668 317 quare
698 263 846 317 religio
878 263 1055 318 pedibus
1086 263 1275 304 subiecta
1305 264 1487 305 vicissim

284 339 515 394 opteritur,
548 354 622 380 nos
655 344 867 396 exaequat
898 341 1073 382 victoria
1103 341 1231 382 coelo.
1265 341 1313 396 (I.
1347 343 1398 382 62
1434 343 1580 398 seqq).

169 416 381 458 Gaudium
413 417 627 458 exsultans
660 418 768 458 servi
799 417 995 472 fugitivi,
1043 418 1113 474 qui
1145 422 1286 459 tamen
1323 419 1590 473 libertatem,
1643 435 1725 476 qua

111 509 220 536 nunc
251 495 415 549 fruitur,
455 500 660 550 perpetuo
692 495 816 536 debet
848 495 1096 549 defendere,
1139 496 1310 552 eiusque
1343 497 1484 538 odium
1514 499 1558 538 in
1588 498 1723 539 immi-

111 576 197 613 tem
228 573 521 628 crudelemque
555 573 767 614 dominum
799 587 853 614 ex
879 573 994 614 hisce
1017 574 1205 615 versibus
1227 578 1270 615 et
1292 578 1379 615 toto
1403 589 1528 630 opere
1551 575 1723 617 audiun-

111 654 190 691 tur.
223 675 277 679 ——
310 650 355 692 Si
386 650 564 706 denique
596 650 785 691 addimus
817 650 1121 705 Epicureorum
1144 656 1335 693 mutuam
1356 652 1722 707 benevolentiam,

110 728 312 783 pietatem
344 741 442 782 ergo
475 727 642 769 scholae
674 728 935 783 principem,
968 729 1153 769 animum
1184 729 1236 770 ab
1267 728 1494 770 honoribus
1527 734 1569 771 et
1598 745 1723 785 nego-

108 805 178 846 tiis
207 805 384 860 publicis
416 819 632 858 aversum,
664 819 747 846 non
778 806 944 847 difficile
975 806 1055 847 erit
1086 806 1331 860 intellectu,
1363 821 1436 849 cur
1456 811 1519 848 tot
1542 808 1723 849 Romani

109 880 234 922 huius
265 881 358 922 aevi
391 881 602 923 doctrinae
634 896 676 923 se
708 882 985 936 tradiderint,
1017 897 1123 938 quae
1154 883 1381 924 virtutibus
1412 884 1568 939 pariter
1598 889 1723 940 atque

110 959 222 1000 vitiis
252 959 396 1015 populi
427 964 675 1015 Qprrerejt.

167 1036 324 1078 Omnes
371 1041 511 1078 autem
560 1037 785 1093 superabat
830 1038 878 1078 T.
911 1037 1133 1078 Lucretius
1174 1038 1304 1079 Carus
1324 1071 1334 1091 ,
1381 1038 1498 1079 cuius
1530 1039 1724 1081 carminis

108 1112 205 1154 libri
252 1127 328 1154 sex
374 1113 424 1155 de
471 1113 632 1155 Rerum
676 1118 827 1155 natura
866 1114 976 1154 inter
1008 1114 1256 1155 clarissimos
1287 1120 1560 1156 numerantur
1588 1116 1723 1157 fontes

109 1190 346 1246 Epicureae
388 1191 600 1233 doctrinae
645 1192 716 1247 qui
762 1195 945 1232 aetatem
992 1191 1191 1232 tulerunt.
1254 1191 1409 1233 Omnes
1451 1193 1559 1234 docti
1598 1193 1722 1235 hodie

110 1269 227 1324 quasi
278 1283 332 1310 ex
378 1274 584 1311 concentu
629 1270 776 1325 poesin
807 1269 981 1325 Epicuri
1010 1269 1207 1323 laudant3
1254 1274 1445 1311 veterum
1475 1271 1518 1311 in
1549 1285 1722 1313 numero

112 1344 257 1386 Cicero
303 1345 347 1386 in
389 1346 478 1386 loco
524 1346 801 1402 pervulgato:
866 1346 1078 1398 „Lucretii
1123 1350 1318 1401 poemata
1359 1351 1407 1387 ut
1451 1348 1620 1401 scribis,
1665 1348 1725 1389 ita

110 1425 234 1476 sunt3
278 1423 422 1463 multis
460 1423 687 1464 luminibus
729 1423 915 1477 ingenii,
953 1438 1037 1464 non
1085 1423 1242 1464 multae
1290 1427 1431 1465 tamen
1461 1424 1588 1465 artis”
1612 1426 1634 1479 ¹)
1681 1429 1723 1466 et

153 1536 176 1571 ¹)
222 1537 262 1568 ad
286 1536 397 1573 Quint.
422 1536 459 1567 fr.
486 1536 533 1567 ΙΙ.
559 1538 588 1566 9.
644 1535 912 1567 Emendationem
946 1535 1049 1567 secuti
1083 1546 1194 1566 sumus
1228 1535 1362 1576 Bergkii
1398 1535 1443 1573 (in
1478 1537 1722 1577 Programmate

109 1597 303 1629 Academiae
333 1597 598 1638 -Marburgensis,
635 1597 713 1628 anni
746 1599 850 1637 1846).
898 1597 1030 1629 Codices
1065 1597 1240 1638 praebent:
1293 1597 1460 1635 „Lucretii
1481 1603 1650 1638 poemata,
1684 1602 1724 1631 ut

110 1659 244 1699 scribis,
279 1660 325 1691 ita
348 1664 441 1692 sunt:
476 1671 541 1692 non
563 1659 674 1691 multis
697 1659 876 1691 luminibus
899 1659 1043 1700 ingenii,
1075 1660 1196 1691 multae
1218 1664 1327 1691 tamen
1349 1660 1448 1692 artis”
1495 1660 1567 1692 Etsi
1590 1661 1723 1702 Bergkii

110 1723 368 1755 emendationem
401 1723 505 1755 secuti
538 1734 649 1755 sumus
664 1747 672 1761 ‚
704 1727 814 1754 tamen
845 1722 914 1754 eius
945 1726 1136 1763 argumenta
1158 1733 1223 1754 non
1244 1733 1416 1763 possumus
1438 1723 1572 1763 probare
1595 1723 1722 1763 omnia,

110 1785 244 1818 minime
266 1789 375 1817 autem
398 1785 502 1824 illud,
538 1786 624 1828 quod
656 1790 752 1826 putat
784 1785 819 1816 in
851 1785 1046 1827 Hieronymi
1080 1784 1204 1824 verbis,
1240 1785 1300 1817 sub
1334 1796 1418 1817 anno
1453 1787 1532 1817 1923
1556 1786 1720 1818 notantis:

110 1848 229 1887 „Titus
263 1848 436 1881 Lucretius
467 1853 562 1890 poeta
595 1848 760 1887 nascitur,
795 1852 907 1889 postea
939 1847 1094 1880 amatorio
1116 1847 1232 1889 poculo
1254 1847 1289 1879 111
1325 1848 1467 1880 furorem
1500 1859 1627 1887 versus,
1651 1860 1725 1881 cum

111 1911 236 1953 aliquot
257 1911 356 1944 libros
378 1923 436 1953 per
463 1911 637 1944 intervalla
669 1911 817 1943 insaniae
850 1910 1101 1951 conscripsisset,
1138 1921 1218 1952 quos
1247 1914 1358 1951 postea
1383 1910 1493 1943 Cicero
1517 1911 1722 1950 emendavit,

109 1974 238 2015 propria
270 1985 303 2006 se
337 1985 436 2006 manu
469 1974 633 2006 interfecit
662 1985 746 2006 anno
781 1973 895 2006 aetatis
929 1973 1115 2011 XLIIIL’·
1146 1973 1241 2004 illum
1265 1973 1450 2005 Ciceronem
1472 1984 1540 2005 esse
1563 1974 1722 2005 Marcum.

111 2037 196 2069 Rem
217 2037 326 2078 potius
347 2037 409 2069 hoc
431 2038 525 2069 modo
548 2037 708 2078 explicare
732 2037 887 2068 velimus:
915 2036 1070 2075 Quintus,
1095 2036 1199 2067 Marci
1221 2036 1330 2075 frater,
1357 2036 1553 2068 Lucretiana
1575 2042 1724 2077 poemata

111 2100 295 2132 emendavit
317 2100 491 2142 ediditque.
538 2101 589 2131 Ex
624 2100 728 2131 Marci
759 2101 845 2131 enim
873 2098 1036 2130 Ciceronis
1060 2098 1187 2139 scriptis
1210 2097 1289 2130 satis
1312 2098 1452 2130 dilucide
1474 2102 1624 2139 apparet,
1648 2109 1723 2130 eum

111 2162 168 2194 vix
201 2167 258 2195 aut
289 2174 457 2205 nunquam
491 2163 635 2195 Lucretii
664 2174 744 2204 opus
766 2162 882 2203 legisse
896 2186 904 2200 ‚
928 2166 985 2193 aut
1011 2162 1038 2193 si
1060 2161 1157 2202 legit,
1188 2171 1229 2192 ne
1251 2160 1413 2192 imbutum
1437 2161 1567 2203 quidem
1591 2172 1659 2193 esse
1681 2162 1723 2194 iis

111 2237 194 2268 quae
215 2227 341 2268 legerit.
386 2228 438 2258 An
461 2227 532 2258 fieri
554 2227 678 2268 potuit,
702 2231 739 2257 ut
762 2226 914 2257 scriberet
937 2226 975 2256 de
999 2224 1198 2256 simulacris:
1224 2223 1340 2265 „quid,
1365 2225 1451 2265 quod
1472 2234 1581 2255 earum
1596 2235 1722 2264 rerum,

111 2300 194 2331 quae
215 2301 393 2332 numquam
415 2290 547 2322 omnino
569 2290 703 2322 fuerunt
724 2300 829 2331 neque
845 2299 913 2320 esse
934 2292 1127 2329 potuerunt,
1152 2292 1189 2319 ut
1213 2287 1352 2329 Scyllae,
1376 2291 1414 2318 ut
1433 2287 1645 2319 Chimaerae?
1662 2312 1669 2319 .
1688 2312 1694 2318 .
1713 2311 1721 2319 .

111 2352 210 2394 quid,
243 2354 348 2394 quod,
383 2353 518 2385 simulac
540 2353 622 2384 mihi
645 2353 826 2384 collibitum
849 2356 916 2390 est,
947 2355 1074 2391 praesto
1097 2355 1145 2382 est
1166 2350 1299 2391 imago?
1331 2349 1429 2391 quid,
1454 2351 1540 2391 quod
1563 2350 1660 2382 etiam
1682 2351 1723 2382 ad

110 2415 322 2447 dormientem
354 2416 493 2447 veniunt
524 2417 692 2448 invocatae
707 2416 741 2446 2³⁵⁷
790 2416 838 2453 (de
870 2419 936 2446 nat.
962 2415 1044 2446 deor.
1070 2414 1103 2452 Ι,
1139 2414 1152 2455 ᾗ
1179 2413 1252 2455 108)
1277 2413 1305 2444 81
1327 2413 1476 2454 legisset:
1513 2413 1633 2444 Lucret
1655 2413 1720 2451 IV,

112 2479 172 2511 736
195 2489 299 2520 seqq,
325 2481 383 2512 761
409 2490 513 2521 seqq.‚
539 2482 599 2512 780
623 2490 726 2521 seqq,
750 2479 808 2510 ubi
829 2479 890 2510 hae
913 2477 1118 2509 difficultates
1141 2487 1181 2508 ex
1203 2476 1339 2517 Epicuri
1360 2480 1468 2507 mente
1493 2476 1722 2517 explicantur?

110 2541 156 2574 Et
186 2545 296 2573 tamen
328 2542 404 2573 libri
437 2543 475 2574 de
509 2543 640 2574 deorum
674 2547 790 2573 natura
823 2543 857 2572 in
889 2541 995 2572 lucem
1018 2539 1206 2580 prodierunt
1228 2539 1337 2570 decem
1359 2549 1460 2570 annos
1482 2542 1555 2579 post
1577 2537 1722 2570 Lucretii

111 2603 262 2635 carmina.
310 2604 346 2636 Si
367 2605 446 2636 haec
469 2605 612 2636 carmina
634 2605 735 2636 edidit
757 2605 888 2636 Marcus
901 2628 908 2642 ‚
933 2604 991 2645 qui
1014 2608 1083 2635 tum
1105 2602 1163 2634 illa
1184 2601 1358 2642 praeterire
1379 2601 1509 2642 potuit?

152 2666 212 2698 Vir
245 2667 452 2699 doctissimus
486 2668 617 2699 Martha
651 2668 710 2708 (Le
743 2668 855 2708 poeme
878 2668 916 2698 de
940 2667 1081 2698 Lucrecc
1104 2676 1175 2706 pag.
1201 2667 1272 2702 351)
1296 2665 1470 2697 nonnullos
1492 2665 1614 2705 profert
1634 2665 1722 2696 locos

111 2730 298 2769 Tullianos,
333 2741 413 2772 quos
437 2731 560 2762 confert
583 2742 656 2762 cum
680 2730 883 2762 Lucretianis
906 2729 1020 2769 dictis,
1051 2732 1088 2760 ut
1109 2728 1242 2769 probet,
1268 2727 1454 2759 Ciceronem
1476 2731 1589 2768 poetae
1611 2731 1722 2760 nostro

110 2793 185 2833 plus
200 2804 298 2834 quam
320 2793 479 2824 modicam
495 2804 623 2833 operam
639 2793 783 2824 dedisse:
809 2797 843 2824 at
865 2793 1043 2824 similitudo
1065 2792 1181 2823 horum
1203 2791 1345 2822 locorum
1367 2790 1485 2831 partim
1507 2791 1602 2822 facile
1617 2791 1720 2831 expli-

111 2855 178 2886 cari
199 2859 305 2896 potest
327 2866 384 2894 eo,
420 2856 506 2896 quod
527 2859 663 2896 uterque
686 2854 821 2895 Epicuri
843 2854 962 2895 scripta
982 2854 1063 2895 legit
1076 2878 1084 2892 ,
1118 2853 1237 2894 partim
1257 2856 1386 2884 tantum
1408 2856 1455 2884 est
1480 2852 1628 2884 fortuita:
1665 2853 1720 2885 de-

111 2917 209 2958 nique
242 2919 438 2950 monendum
472 2921 521 2949 est
550 2917 586 2948 in
617 2917 837 2949 Romanorum
866 2917 956 2948 illius
978 2916 1093 2948 aetatis
1116 2916 1288 2954 societate,
1324 2919 1361 2947 ut
1383 2915 1418 2947 in
1440 2917 1554 2957 quovis
1576 2915 1720 2948 virorum

112 2981 278 3012 doctorum
311 2981 484 3019 convictu,
519 2980 638 3012 multas
672 2981 866 3017 sententias,
901 2979 1003 3010 multa
1025 2981 1088 3017 ἔπη
1113 2981 1295 3020 πτερόεντα
1319 2983 1446 3010 versata
1467 2989 1556 3018 esse,
1589 2990 1663 3011 cum
1685 2978 1720 3010 in
