<?xml version="1.0" encoding="UTF-8"?>
<!DOCTYPE html PUBLIC "-//W3C//DTD XHTML 1.0 Transitional//EN"
    "http://www.w3.org/TR/xhtml1/DTD/xhtml1-transitional.dtd">
<html xmlns="http://www.w3.org/1999/xhtml" xml:lang="en" lang="en">
 <head>
  <title>
</title>
<meta http-equiv="Content-Type" content="text/html;charset=utf-8" />
  <meta name='ocr-system' content='tesseract 3.04.00' />
  <meta name='ocr-capabilities' content='ocr_page ocr_carea ocr_par ocr_line ocrx_word'/>
</head>
<body>
  <div class='ocr_page' id='page_1' title='image "./lucretiiphilosop00woltuoft_0155.png"; bbox 0 0 1894 3235; ppageno 0'>
   <div class='ocr_carea' id='block_1_1' title="bbox 875 143 948 182">
    <p class='ocr_par' dir='ltr' id='par_1_1' title="bbox 875 143 948 182">
     <span class='ocr_line' id='line_1_1' title="bbox 875 143 948 182; baseline -0.014 0"><span class='ocrx_word' id='word_1_1' title='bbox 875 143 948 182; x_wconf 82' lang='lat'>141</span> 
     </span>
    </p>
   </div>
   <div class='ocr_carea' id='block_1_2' title="bbox 93 271 1718 2576">
    <p class='ocr_par' dir='ltr' id='par_1_2' title="bbox 98 271 1718 1180">
     <span class='ocr_line' id='line_1_2' title="bbox 105 271 1718 330; baseline 0.003 -18"><span class='ocrx_word' id='word_1_2' title='bbox 105 271 385 313; x_wconf 85' lang='lat' dir='ltr'>defenduntur</span> <span class='ocrx_word' id='word_1_3' title='bbox 415 277 457 314; x_wconf 89' lang='lat' dir='ltr'>et</span> <span class='ocrx_word' id='word_1_4' title='bbox 488 273 544 314; x_wconf 86' lang='lat' dir='ltr'>sic</span> <span class='ocrx_word' id='word_1_5' title='bbox 562 273 692 314; x_wconf 81' lang='lat' dir='ltr'>vitam</span> <span class='ocrx_word' id='word_1_6' title='bbox 710 288 874 315; x_wconf 87' lang='lat' dir='ltr'>servare</span> <span class='ocrx_word' id='word_1_7' title='bbox 896 279 1070 329; x_wconf 81' lang='lat' dir='ltr'>possunt</span> <span class='ocrx_word' id='word_1_8' title='bbox 1089 276 1130 329; x_wconf 90' lang='lat'>¹).</span> <span class='ocrx_word' id='word_1_9' title='bbox 1155 301 1206 305; x_wconf 91' lang='lat'>—</span> <span class='ocrx_word' id='word_1_10' title='bbox 1230 276 1338 316; x_wconf 88' lang='lat' dir='ltr'>Mira</span> <span class='ocrx_word' id='word_1_11' title='bbox 1359 279 1422 316; x_wconf 88' lang='lat' dir='ltr'>est</span> <span class='ocrx_word' id='word_1_12' title='bbox 1443 276 1718 330; x_wconf 81' lang='lat' dir='ltr'>congruentia</span> 
     </span>
     <span class='ocr_line' id='line_1_3' title="bbox 104 348 1716 408; baseline 0.003 -19"><span class='ocrx_word' id='word_1_13' title='bbox 104 348 227 390; x_wconf 87' lang='lat' dir='ltr'>huius</span> <span class='ocrx_word' id='word_1_14' title='bbox 271 350 351 391; x_wconf 85' lang='lat' dir='ltr'>loci</span> <span class='ocrx_word' id='word_1_15' title='bbox 396 364 491 391; x_wconf 90' lang='lat' dir='ltr'>cum</span> <span class='ocrx_word' id='word_1_16' title='bbox 522 355 688 391; x_wconf 89' lang='lat' dir='ltr'>nostrae</span> <span class='ocrx_word' id='word_1_17' title='bbox 720 352 870 392; x_wconf 86' lang='lat' dir='ltr'>aetatis</span> <span class='ocrx_word' id='word_1_18' title='bbox 902 352 1086 393; x_wconf 84' lang='lat' dir='ltr'>virorum</span> <span class='ocrx_word' id='word_1_19' title='bbox 1120 352 1336 394; x_wconf 88' lang='lat' dir='ltr'>doctorum</span> <span class='ocrx_word' id='word_1_20' title='bbox 1367 353 1558 408; x_wconf 83' lang='lat' dir='ltr'>placitis:</span> <span class='ocrx_word' id='word_1_21' title='bbox 1607 353 1716 408; x_wconf 89' lang='lat' dir='ltr'>quod</span> 
     </span>
     <span class='ocr_line' id='line_1_4' title="bbox 103 425 1715 485; baseline 0.003 -19"><span class='ocrx_word' id='word_1_22' title='bbox 103 425 228 467; x_wconf 88' lang='lat' dir='ltr'>hodie</span> <span class='ocrx_word' id='word_1_23' title='bbox 273 427 503 468; x_wconf 81' lang='lat' dir='ltr'>innumeris</span> <span class='ocrx_word' id='word_1_24' title='bbox 543 427 935 482; x_wconf 74' lang='lat' dir='ltr'>investigationibus</span> <span class='ocrx_word' id='word_1_25' title='bbox 967 434 1009 469; x_wconf 90' lang='lat' dir='ltr'>et</span> <span class='ocrx_word' id='word_1_26' title='bbox 1041 430 1341 484; x_wconf 75' lang='lat' dir='ltr'>experimentis</span> <span class='ocrx_word' id='word_1_27' title='bbox 1371 430 1593 485; x_wconf 86' lang='lat' dir='ltr'>probatum</span> <span class='ocrx_word' id='word_1_28' title='bbox 1625 444 1715 472; x_wconf 85' lang='lat' dir='ltr'>esse</span> 
     </span>
     <span class='ocr_line' id='line_1_5' title="bbox 103 504 1716 564; baseline 0.002 -19"><span class='ocrx_word' id='word_1_29' title='bbox 103 504 291 558; x_wconf 84' lang='lat' dir='ltr'>videtur,</span> <span class='ocrx_word' id='word_1_30' title='bbox 323 506 374 546; x_wconf 88' lang='lat' dir='ltr'>ab</span> <span class='ocrx_word' id='word_1_31' title='bbox 407 505 588 560; x_wconf 76' lang='lat' dir='ltr'>antiquis</span> <span class='ocrx_word' id='word_1_32' title='bbox 619 506 702 546; x_wconf 87' lang='lat' dir='ltr'>iam</span> <span class='ocrx_word' id='word_1_33' title='bbox 725 505 984 561; x_wconf 87' lang='lat' dir='ltr'>philosophis</span> <span class='ocrx_word' id='word_1_34' title='bbox 1006 507 1176 547; x_wconf 85' lang='lat' dir='ltr'>rationis</span> <span class='ocrx_word' id='word_1_35' title='bbox 1199 508 1284 548; x_wconf 86' lang='lat' dir='ltr'>solo</span> <span class='ocrx_word' id='word_1_36' title='bbox 1307 508 1464 548; x_wconf 77' lang='lat' dir='ltr'>auxilio</span> <span class='ocrx_word' id='word_1_37' title='bbox 1488 509 1556 549; x_wconf 81' lang='lat' dir='ltr'>vel</span> <span class='ocrx_word' id='word_1_38' title='bbox 1577 509 1716 564; x_wconf 88' lang='lat' dir='ltr'>potius</span> 
     </span>
     <span class='ocr_line' id='line_1_6' title="bbox 102 582 1715 641; baseline 0.002 -19"><span class='ocrx_word' id='word_1_39' title='bbox 102 582 259 623; x_wconf 89' lang='lat' dir='ltr'>intuitu</span> <span class='ocrx_word' id='word_1_40' title='bbox 312 583 491 638; x_wconf 87' lang='lat' dir='ltr'>quodam</span> <span class='ocrx_word' id='word_1_41' title='bbox 536 583 757 637; x_wconf 85' lang='lat' dir='ltr'>perspicue</span> <span class='ocrx_word' id='word_1_42' title='bbox 799 583 1053 624; x_wconf 77' lang='lat' dir='ltr'>tradebatur.</span> <span class='ocrx_word' id='word_1_43' title='bbox 1114 584 1322 639; x_wconf 82' lang='lat' dir='ltr'>Epicurus</span> <span class='ocrx_word' id='word_1_44' title='bbox 1369 585 1421 626; x_wconf 86' lang='lat' dir='ltr'>ad</span> <span class='ocrx_word' id='word_1_45' title='bbox 1466 585 1715 641; x_wconf 78' lang='lat' dir='ltr'>Pythoclem</span> 
     </span>
     <span class='ocr_line' id='line_1_7' title="bbox 103 659 1715 716; baseline 0.004 -17"><span class='ocrx_word' id='word_1_46' title='bbox 103 659 266 714; x_wconf 80' lang='lat' dir='ltr'>scripsit</span> <span class='ocrx_word' id='word_1_47' title='bbox 282 660 323 712; x_wconf 81' lang='lat'>2):</span> <span class='ocrx_word' id='word_1_48' title='bbox 357 659 469 701; x_wconf 72' lang='grc' dir='ltr'>ἀλλά</span> <span class='ocrx_word' id='word_1_49' title='bbox 499 661 580 712; x_wconf 88' lang='grc' dir='ltr'>μὴν</span> <span class='ocrx_word' id='word_1_50' title='bbox 612 660 877 709; x_wconf 81' lang='grc' dir='ltr'>ὑποληπτέον</span> <span class='ocrx_word' id='word_1_51' title='bbox 909 665 971 703; x_wconf 81' lang='grc' dir='ltr'>καὶ</span> <span class='ocrx_word' id='word_1_52' title='bbox 1006 663 1080 710; x_wconf 89' lang='grc' dir='ltr'>τὴν</span> <span class='ocrx_word' id='word_1_53' title='bbox 1113 663 1236 716; x_wconf 75' lang='grc' dir='ltr'>φύσιν</span> <span class='ocrx_word' id='word_1_54' title='bbox 1267 662 1413 704; x_wconf 69' lang='grc' dir='ltr'>πολλά</span> <span class='ocrx_word' id='word_1_55' title='bbox 1444 666 1507 704; x_wconf 82' lang='grc' dir='ltr'>καὶ</span> <span class='ocrx_word' id='word_1_56' title='bbox 1539 670 1715 705; x_wconf 89' lang='grc' dir='ltr'>παντοῖα</span> 
     </span>
     <span class='ocr_line' id='line_1_8' title="bbox 101 736 1714 795; baseline 0.003 -18"><span class='ocrx_word' id='word_1_57' title='bbox 101 737 182 778; x_wconf 81' lang='grc' dir='ltr'>ὑπὸ</span> <span class='ocrx_word' id='word_1_58' title='bbox 227 740 309 778; x_wconf 77' lang='grc' dir='ltr'>τῶν</span> <span class='ocrx_word' id='word_1_59' title='bbox 355 738 490 778; x_wconf 79' lang='grc' dir='ltr'>αὐτῶν</span> <span class='ocrx_word' id='word_1_60' title='bbox 521 738 777 792; x_wconf 74' lang='grc' dir='ltr'>πραγμάτων</span> <span class='ocrx_word' id='word_1_61' title='bbox 809 736 1055 794; x_wconf 57' lang='grc' dir='ltr'>διδαχθῆναι</span> <span class='ocrx_word' id='word_1_62' title='bbox 1086 757 1125 780; x_wconf 91' lang='grc' dir='ltr'>τε</span> <span class='ocrx_word' id='word_1_63' title='bbox 1159 742 1221 780; x_wconf 81' lang='grc' dir='ltr'>καὶ</span> <span class='ocrx_word' id='word_1_64' title='bbox 1255 739 1566 795; x_wconf 55' lang='grc' dir='ltr'>ἀναγκασθῆναι</span> <span class='ocrx_word' id='word_1_65' title='bbox 1599 754 1607 763; x_wconf 91' lang='grc'><em>·</em></span> <span class='ocrx_word' id='word_1_66' title='bbox 1640 742 1714 782; x_wconf 84' lang='grc' dir='ltr'>τὸν</span> 
     </span>
     <span class='ocr_line' id='line_1_9' title="bbox 101 813 1714 874; baseline 0.002 -18"><span class='ocrx_word' id='word_1_67' title='bbox 101 813 141 857; x_wconf 68' lang='grc' dir='ltr'>δὲ</span> <span class='ocrx_word' id='word_1_68' title='bbox 174 814 382 869; x_wconf 84' lang='grc' dir='ltr'>λογισμὸν</span> <span class='ocrx_word' id='word_1_69' title='bbox 412 816 460 856; x_wconf 80' lang='grc' dir='ltr'>τὰ</span> <span class='ocrx_word' id='word_1_70' title='bbox 494 816 572 856; x_wconf 80' lang='grc' dir='ltr'>ὑπὸ</span> <span class='ocrx_word' id='word_1_71' title='bbox 605 817 755 864; x_wconf 74' lang='grc' dir='ltr'>ταύτης</span> <span class='ocrx_word' id='word_1_72' title='bbox 787 818 1126 871; x_wconf 53' lang='grc' dir='ltr'>παρεγγυηθέντα</span> <span class='ocrx_word' id='word_1_73' title='bbox 1158 821 1219 858; x_wconf 75' lang='grc' dir='ltr'>καὶ</span> <span class='ocrx_word' id='word_1_74' title='bbox 1255 818 1426 872; x_wconf 71' lang='grc' dir='ltr'>ὕστερον</span> <span class='ocrx_word' id='word_1_75' title='bbox 1459 817 1714 874; x_wconf 76' lang='grc' dir='ltr'>ἐπακριβοῦν</span> 
     </span>
     <span class='ocr_line' id='line_1_10' title="bbox 101 891 1715 950; baseline 0.002 -17"><span class='ocrx_word' id='word_1_76' title='bbox 101 895 163 934; x_wconf 83' lang='grc' dir='ltr'>καὶ</span> <span class='ocrx_word' id='word_1_77' title='bbox 195 891 545 947; x_wconf 74' lang='grc' dir='ltr'>προςεξευρίσκειυ</span> <span class='ocrx_word' id='word_1_78' title='bbox 579 925 586 932; x_wconf 94' lang='grc'><strong>.</strong></span> <span class='ocrx_word' id='word_1_79' title='bbox 620 892 886 933; x_wconf 85' lang='lat' dir='ltr'>Pedetentim</span> <span class='ocrx_word' id='word_1_80' title='bbox 917 893 1183 947; x_wconf 83' lang='lat' dir='ltr'>progreditur</span> <span class='ocrx_word' id='word_1_81' title='bbox 1214 898 1389 935; x_wconf 82' lang='lat' dir='ltr'>natura:</span> <span class='ocrx_word' id='word_1_82' title='bbox 1422 895 1532 950; x_wconf 87' lang='lat' dir='ltr'>quod</span> <span class='ocrx_word' id='word_1_83' title='bbox 1562 896 1715 950; x_wconf 87' lang='lat' dir='ltr'>imper-</span> 
     </span>
     <span class='ocr_line' id='line_1_11' title="bbox 99 969 1714 1027; baseline 0.002 -18"><span class='ocrx_word' id='word_1_84' title='bbox 99 969 255 1010; x_wconf 87' lang='lat' dir='ltr'>fectum</span> <span class='ocrx_word' id='word_1_85' title='bbox 295 973 337 1010; x_wconf 90' lang='lat' dir='ltr'>et</span> <span class='ocrx_word' id='word_1_86' title='bbox 383 969 518 1010; x_wconf 80' lang='lat' dir='ltr'>debile</span> <span class='ocrx_word' id='word_1_87' title='bbox 567 974 629 1010; x_wconf 87' lang='lat' dir='ltr'>est</span> <span class='ocrx_word' id='word_1_88' title='bbox 671 983 719 1010; x_wconf 93' lang='lat' dir='ltr'>eo</span> <span class='ocrx_word' id='word_1_89' title='bbox 750 970 840 1024; x_wconf 84' lang='lat' dir='ltr'>ipso</span> <span class='ocrx_word' id='word_1_90' title='bbox 874 970 1022 1010; x_wconf 87' lang='lat' dir='ltr'>durare</span> <span class='ocrx_word' id='word_1_91' title='bbox 1054 985 1137 1011; x_wconf 90' lang='lat' dir='ltr'>non</span> <span class='ocrx_word' id='word_1_92' title='bbox 1168 975 1333 1026; x_wconf 83' lang='lat' dir='ltr'>potest,</span> <span class='ocrx_word' id='word_1_93' title='bbox 1380 986 1485 1027; x_wconf 88' lang='lat' dir='ltr'>quae</span> <span class='ocrx_word' id='word_1_94' title='bbox 1518 972 1641 1013; x_wconf 88' lang='lat' dir='ltr'>fortia</span> <span class='ocrx_word' id='word_1_95' title='bbox 1672 977 1714 1014; x_wconf 87' lang='lat' dir='ltr'>et</span> 
     </span>
     <span class='ocr_line' id='line_1_12' title="bbox 98 1047 1713 1103; baseline 0.003 -17"><span class='ocrx_word' id='word_1_96' title='bbox 98 1047 283 1102; x_wconf 86' lang='lat' dir='ltr'>perfecta</span> <span class='ocrx_word' id='word_1_97' title='bbox 313 1047 615 1102; x_wconf 86' lang='lat' dir='ltr'>quodammodo</span> <span class='ocrx_word' id='word_1_98' title='bbox 649 1052 772 1100; x_wconf 87' lang='lat' dir='ltr'>sunt,</span> <span class='ocrx_word' id='word_1_99' title='bbox 804 1052 1001 1088; x_wconf 87' lang='lat' dir='ltr'>manent:</span> <span class='ocrx_word' id='word_1_100' title='bbox 1037 1052 1126 1088; x_wconf 91' lang='lat' dir='ltr'>tum</span> <span class='ocrx_word' id='word_1_101' title='bbox 1161 1048 1343 1090; x_wconf 86' lang='lat' dir='ltr'>hominis</span> <span class='ocrx_word' id='word_1_102' title='bbox 1374 1049 1479 1091; x_wconf 81' lang='lat' dir='ltr'>ratio</span> <span class='ocrx_word' id='word_1_103' title='bbox 1511 1055 1713 1103; x_wconf 85' lang='lat' dir='ltr'>naturae,</span> 
     </span>
     <span class='ocr_line' id='line_1_13' title="bbox 99 1123 1307 1180; baseline 0.001 -15"><span class='ocrx_word' id='word_1_104' title='bbox 99 1139 205 1180; x_wconf 90' lang='lat' dir='ltr'>quae</span> <span class='ocrx_word' id='word_1_105' title='bbox 235 1139 389 1179; x_wconf 88' lang='lat' dir='ltr'>magna</span> <span class='ocrx_word' id='word_1_106' title='bbox 420 1129 501 1166; x_wconf 89' lang='lat' dir='ltr'>stat</span> <span class='ocrx_word' id='word_1_107' title='bbox 532 1125 723 1180; x_wconf 81' lang='lat' dir='ltr'>praedita</span> <span class='ocrx_word' id='word_1_108' title='bbox 755 1125 900 1180; x_wconf 83' lang='lat' dir='ltr'>eulpa,</span> <span class='ocrx_word' id='word_1_109' title='bbox 924 1123 954 1174; x_wconf 74' lang='lat'>³)</span> <span class='ocrx_word' id='word_1_110' title='bbox 988 1126 1146 1166; x_wconf 76' lang='lat' dir='ltr'>auxilio</span> <span class='ocrx_word' id='word_1_111' title='bbox 1178 1127 1307 1166; x_wconf 75' lang='lat' dir='ltr'>venit.</span> 
     </span>
    </p>

    <p class='ocr_par' dir='ltr' id='par_1_3' title="bbox 93 1202 1713 2576">
     <span class='ocr_line' id='line_1_14' title="bbox 156 1202 1712 1258; baseline 0.002 -16"><span class='ocrx_word' id='word_1_112' title='bbox 156 1202 280 1243; x_wconf 89' lang='lat' dir='ltr'>Omni</span> <span class='ocrx_word' id='word_1_113' title='bbox 311 1206 499 1257; x_wconf 86' lang='lat' dir='ltr'>tempore</span> <span class='ocrx_word' id='word_1_114' title='bbox 530 1207 679 1257; x_wconf 85' lang='lat' dir='ltr'>poetae</span> <span class='ocrx_word' id='word_1_115' title='bbox 712 1203 904 1243; x_wconf 82' lang='lat' dir='ltr'>lubenter</span> <span class='ocrx_word' id='word_1_116' title='bbox 936 1202 1221 1258; x_wconf 80' lang='lat' dir='ltr'>depinxerunt</span> <span class='ocrx_word' id='word_1_117' title='bbox 1246 1205 1476 1258; x_wconf 87' lang='lat' dir='ltr'>primorum</span> <span class='ocrx_word' id='word_1_118' title='bbox 1496 1203 1712 1245; x_wconf 84' lang='lat' dir='ltr'>hominum</span> 
     </span>
     <span class='ocr_line' id='line_1_15' title="bbox 98 1280 1712 1335; baseline 0.002 -15"><span class='ocrx_word' id='word_1_119' title='bbox 98 1280 255 1333; x_wconf 87' lang='lat' dir='ltr'>vitam,</span> <span class='ocrx_word' id='word_1_120' title='bbox 290 1294 416 1335; x_wconf 88' lang='lat' dir='ltr'>quam</span> <span class='ocrx_word' id='word_1_121' title='bbox 446 1280 636 1333; x_wconf 82' lang='lat' dir='ltr'>beatam,</span> <span class='ocrx_word' id='word_1_122' title='bbox 671 1281 862 1321; x_wconf 88' lang='lat' dir='ltr'>omnibus</span> <span class='ocrx_word' id='word_1_123' title='bbox 895 1281 1003 1321; x_wconf 82' lang='lat' dir='ltr'>curis</span> <span class='ocrx_word' id='word_1_124' title='bbox 1035 1290 1285 1335; x_wconf 69' lang='lat' dir='ltr'>expertem,</span> <span class='ocrx_word' id='word_1_125' title='bbox 1319 1281 1557 1322; x_wconf 85' lang='lat' dir='ltr'>laudabant.</span> <span class='ocrx_word' id='word_1_126' title='bbox 1591 1282 1712 1323; x_wconf 85' lang='lat' dir='ltr'>Eius-</span> 
     </span>
     <span class='ocr_line' id='line_1_16' title="bbox 97 1357 1711 1414; baseline 0.002 -17"><span class='ocrx_word' id='word_1_127' title='bbox 97 1357 210 1398; x_wconf 87' lang='lat' dir='ltr'>modi</span> <span class='ocrx_word' id='word_1_128' title='bbox 246 1371 373 1398; x_wconf 88' lang='lat' dir='ltr'>aurea</span> <span class='ocrx_word' id='word_1_129' title='bbox 409 1371 515 1413; x_wconf 84' lang='lat' dir='ltr'>quae</span> <span class='ocrx_word' id='word_1_130' title='bbox 550 1357 702 1398; x_wconf 86' lang='lat' dir='ltr'>dicitur</span> <span class='ocrx_word' id='word_1_131' title='bbox 737 1362 852 1398; x_wconf 82' lang='lat' dir='ltr'>aetas</span> <span class='ocrx_word' id='word_1_132' title='bbox 890 1358 933 1398; x_wconf 90' lang='lat' dir='ltr'>in</span> <span class='ocrx_word' id='word_1_133' title='bbox 970 1358 1142 1413; x_wconf 84' lang='lat' dir='ltr'>Epicuri</span> <span class='ocrx_word' id='word_1_134' title='bbox 1162 1358 1391 1399; x_wconf 83' lang='lat' dir='ltr'>doctrinam</span> <span class='ocrx_word' id='word_1_135' title='bbox 1408 1373 1490 1400; x_wconf 90' lang='lat' dir='ltr'>non</span> <span class='ocrx_word' id='word_1_136' title='bbox 1508 1359 1711 1414; x_wconf 82' lang='lat' dir='ltr'>quadrat,</span> 
     </span>
     <span class='ocr_line' id='line_1_17' title="bbox 98 1435 1713 1492; baseline 0.001 -16"><span class='ocrx_word' id='word_1_137' title='bbox 98 1439 145 1476; x_wconf 93' lang='lat' dir='ltr'>ut</span> <span class='ocrx_word' id='word_1_138' title='bbox 175 1435 295 1477; x_wconf 87' lang='lat' dir='ltr'>facile</span> <span class='ocrx_word' id='word_1_139' title='bbox 327 1436 503 1491; x_wconf 87' lang='lat' dir='ltr'>quisque</span> <span class='ocrx_word' id='word_1_140' title='bbox 534 1436 771 1489; x_wconf 72' lang='lat' dir='ltr'>intellegit,</span> <span class='ocrx_word' id='word_1_141' title='bbox 805 1435 876 1475; x_wconf 87' lang='lat' dir='ltr'>sed</span> <span class='ocrx_word' id='word_1_142' title='bbox 909 1441 1050 1476; x_wconf 78' lang='lat' dir='ltr'>tamen</span> <span class='ocrx_word' id='word_1_143' title='bbox 1074 1437 1295 1477; x_wconf 84' lang='lat' dir='ltr'>Lueretius</span> <span class='ocrx_word' id='word_1_144' title='bbox 1318 1451 1523 1477; x_wconf 87' lang='lat' dir='ltr'>summam</span> <span class='ocrx_word' id='word_1_145' title='bbox 1544 1451 1713 1492; x_wconf 85' lang='lat' dir='ltr'>operam</span> 
     </span>
     <span class='ocr_line' id='line_1_18' title="bbox 97 1512 1711 1569; baseline 0.001 -16"><span class='ocrx_word' id='word_1_146' title='bbox 97 1512 330 1568; x_wconf 79' lang='lat' dir='ltr'>impendit,</span> <span class='ocrx_word' id='word_1_147' title='bbox 362 1518 409 1554; x_wconf 86' lang='lat' dir='ltr'>ut</span> <span class='ocrx_word' id='word_1_148' title='bbox 440 1513 618 1568; x_wconf 85' lang='lat' dir='ltr'>primam</span> <span class='ocrx_word' id='word_1_149' title='bbox 655 1517 837 1554; x_wconf 82' lang='lat' dir='ltr'>aetatem</span> <span class='ocrx_word' id='word_1_150' title='bbox 860 1527 913 1553; x_wconf 82' lang='lat' dir='ltr'>ex</span> <span class='ocrx_word' id='word_1_151' title='bbox 936 1513 1110 1568; x_wconf 80' lang='lat' dir='ltr'>Epicuri</span> <span class='ocrx_word' id='word_1_152' title='bbox 1126 1518 1266 1554; x_wconf 84' lang='lat' dir='ltr'>mente</span> <span class='ocrx_word' id='word_1_153' title='bbox 1283 1515 1426 1569; x_wconf 81' lang='lat' dir='ltr'>pulcre</span> <span class='ocrx_word' id='word_1_154' title='bbox 1446 1514 1711 1556; x_wconf 86' lang='lat' dir='ltr'>describeret.</span> 
     </span>
     <span class='ocr_line' id='line_1_19' title="bbox 98 1590 1713 1647; baseline 0.001 -15"><span class='ocrx_word' id='word_1_155' title='bbox 98 1590 204 1632; x_wconf 83' lang='lat' dir='ltr'>Cum</span> <span class='ocrx_word' id='word_1_156' title='bbox 234 1605 398 1644; x_wconf 85' lang='lat' dir='ltr'>amore,</span> <span class='ocrx_word' id='word_1_157' title='bbox 431 1595 477 1631; x_wconf 89' lang='lat' dir='ltr'>ut</span> <span class='ocrx_word' id='word_1_158' title='bbox 508 1592 567 1631; x_wconf 88' lang='lat' dir='ltr'>ita</span> <span class='ocrx_word' id='word_1_159' title='bbox 598 1590 759 1644; x_wconf 85' lang='lat' dir='ltr'>dicam,</span> <span class='ocrx_word' id='word_1_160' title='bbox 791 1591 968 1631; x_wconf 85' lang='lat' dir='ltr'>aliorum</span> <span class='ocrx_word' id='word_1_161' title='bbox 988 1595 1211 1645; x_wconf 87' lang='lat' dir='ltr'>poetarum</span> <span class='ocrx_word' id='word_1_162' title='bbox 1233 1593 1427 1647; x_wconf 74' lang='lat' dir='ltr'>exemplo</span> <span class='ocrx_word' id='word_1_163' title='bbox 1451 1593 1713 1646; x_wconf 77' lang='lat' dir='ltr'>stimulatus,</span> 
     </span>
     <span class='ocr_line' id='line_1_20' title="bbox 97 1668 1713 1725; baseline 0.001 -16"><span class='ocrx_word' id='word_1_164' title='bbox 97 1674 319 1724; x_wconf 84' lang='lat' dir='ltr'>sequentes</span> <span class='ocrx_word' id='word_1_165' title='bbox 360 1683 505 1709; x_wconf 81' lang='lat' dir='ltr'>versus</span> <span class='ocrx_word' id='word_1_166' title='bbox 548 1669 725 1724; x_wconf 78' lang='lat' dir='ltr'>scripsit.</span> <span class='ocrx_word' id='word_1_167' title='bbox 787 1668 900 1716; x_wconf 77' lang='lat' dir='ltr'>Quos</span> <span class='ocrx_word' id='word_1_168' title='bbox 931 1674 978 1709; x_wconf 93' lang='lat' dir='ltr'>ut</span> <span class='ocrx_word' id='word_1_169' title='bbox 1008 1669 1158 1710; x_wconf 87' lang='lat' dir='ltr'>melius</span> <span class='ocrx_word' id='word_1_170' title='bbox 1190 1684 1284 1710; x_wconf 87' lang='lat' dir='ltr'>cum</span> <span class='ocrx_word' id='word_1_171' title='bbox 1316 1670 1488 1725; x_wconf 87' lang='lat' dir='ltr'>Epicuri</span> <span class='ocrx_word' id='word_1_172' title='bbox 1524 1670 1713 1711; x_wconf 85' lang='lat' dir='ltr'>doctrina</span> 
     </span>
     <span class='ocr_line' id='line_1_21' title="bbox 97 1747 1709 1803; baseline 0.001 -16"><span class='ocrx_word' id='word_1_173' title='bbox 97 1747 283 1788; x_wconf 87' lang='lat' dir='ltr'>conferas</span> <span class='ocrx_word' id='word_1_174' title='bbox 303 1751 510 1802; x_wconf 87' lang='lat' dir='ltr'>poetaque</span> <span class='ocrx_word' id='word_1_175' title='bbox 530 1747 680 1787; x_wconf 88' lang='lat' dir='ltr'>merita</span> <span class='ocrx_word' id='word_1_176' title='bbox 701 1760 921 1800; x_wconf 73' lang='lat' dir='ltr'>agnoscaS,</span> <span class='ocrx_word' id='word_1_177' title='bbox 954 1747 1142 1800; x_wconf 83' lang='lat' dir='ltr'>magistri</span> <span class='ocrx_word' id='word_1_178' title='bbox 1165 1747 1510 1802; x_wconf 83' lang='lat' dir='ltr'>descriptionem,</span> <span class='ocrx_word' id='word_1_179' title='bbox 1543 1748 1709 1803; x_wconf 86' lang='lat' dir='ltr'>qualem</span> 
     </span>
     <span class='ocr_line' id='line_1_22' title="bbox 95 1824 1709 1882; baseline 0.002 -17"><span class='ocrx_word' id='word_1_180' title='bbox 95 1825 303 1866; x_wconf 84' lang='lat' dir='ltr'>Diodorus</span> <span class='ocrx_word' id='word_1_181' title='bbox 336 1825 500 1865; x_wconf 80' lang='lat' dir='ltr'>Siculus</span> <span class='ocrx_word' id='word_1_182' title='bbox 531 1838 623 1865; x_wconf 85' lang='lat' dir='ltr'>eam</span> <span class='ocrx_word' id='word_1_183' title='bbox 654 1824 782 1864; x_wconf 85' lang='lat' dir='ltr'>refert</span> <span class='ocrx_word' id='word_1_184' title='bbox 801 1828 853 1877; x_wconf 74' lang='lat'>,4)</span> <span class='ocrx_word' id='word_1_185' title='bbox 895 1825 1225 1878; x_wconf 85' lang='lat' dir='ltr'>praemittemus.</span> <span class='ocrx_word' id='word_1_186' title='bbox 1287 1827 1395 1873; x_wconf 82' lang='grc' dir='ltr'>Τοὺς</span> <span class='ocrx_word' id='word_1_187' title='bbox 1427 1824 1467 1867; x_wconf 74' lang='grc' dir='ltr'>δὲ</span> <span class='ocrx_word' id='word_1_188' title='bbox 1500 1825 1543 1873; x_wconf 73' lang='grc' dir='ltr'>ἐξ</span> <span class='ocrx_word' id='word_1_189' title='bbox 1574 1827 1709 1882; x_wconf 80' lang='grc' dir='ltr'>ἀρχῆς</span> 
     </span>
     <span class='ocr_line' id='line_1_23' title="bbox 95 1901 1707 1958; baseline 0.001 -14"><span class='ocrx_word' id='word_1_190' title='bbox 95 1905 372 1958; x_wconf 55' lang='grc' dir='ltr'>γεννηθέντας</span> <span class='ocrx_word' id='word_1_191' title='bbox 403 1907 485 1944; x_wconf 76' lang='grc' dir='ltr'>τῶν</span> <span class='ocrx_word' id='word_1_192' title='bbox 517 1903 753 1958; x_wconf 50' lang='grc' dir='ltr'>ἀνθρώπων</span> <span class='ocrx_word' id='word_1_193' title='bbox 785 1906 911 1957; x_wconf 80' lang='grc' dir='ltr'>φασὶν</span> <span class='ocrx_word' id='word_1_194' title='bbox 944 1905 985 1944; x_wconf 76' lang='grc' dir='ltr'>ἐν</span> <span class='ocrx_word' id='word_1_195' title='bbox 1007 1903 1166 1958; x_wconf 76' lang='grc' dir='ltr'>ἀτάκτῳ</span> <span class='ocrx_word' id='word_1_196' title='bbox 1190 1906 1253 1944; x_wconf 83' lang='grc' dir='ltr'>καὶ</span> <span class='ocrx_word' id='word_1_197' title='bbox 1276 1901 1465 1958; x_wconf 58' lang='grc' dir='ltr'>θηριώδει</span> <span class='ocrx_word' id='word_1_198' title='bbox 1485 1902 1570 1958; x_wconf 76' lang='grc' dir='ltr'>βίῳ</span> <span class='ocrx_word' id='word_1_199' title='bbox 1592 1907 1707 1945; x_wconf 63' lang='grc' dir='ltr'>καθε-</span> 
     </span>
     <span class='ocr_line' id='line_1_24' title="bbox 96 1978 1707 2035; baseline 0.001 -14"><span class='ocrx_word' id='word_1_200' title='bbox 96 1982 281 2030; x_wconf 70' lang='grc' dir='ltr'>στῶτας,</span> <span class='ocrx_word' id='word_1_201' title='bbox 326 1978 542 2034; x_wconf 63' lang='grc' dir='ltr'>σποράδην</span> <span class='ocrx_word' id='word_1_202' title='bbox 588 1983 650 2021; x_wconf 71' lang='grc' dir='ltr'>επὶ</span> <span class='ocrx_word' id='word_1_203' title='bbox 693 1980 767 2027; x_wconf 83' lang='grc' dir='ltr'>τὰς</span> <span class='ocrx_word' id='word_1_204' title='bbox 801 1980 931 2029; x_wconf 79' lang='grc' dir='ltr'>νομὰς</span> <span class='ocrx_word' id='word_1_205' title='bbox 963 1978 1105 2027; x_wconf 68' lang='grc' dir='ltr'>ἐξιέναι</span> <span class='ocrx_word' id='word_1_206' title='bbox 1136 1983 1198 2021; x_wconf 84' lang='grc' dir='ltr'>καὶ</span> <span class='ocrx_word' id='word_1_207' title='bbox 1230 1983 1534 2035; x_wconf 63' lang='grc' dir='ltr'>προςφέρεσὲιαι</span> <span class='ocrx_word' id='word_1_208' title='bbox 1565 1987 1636 2032; x_wconf 89' lang='grc' dir='ltr'>τῆς</span> <span class='ocrx_word' id='word_1_209' title='bbox 1667 1999 1707 2022; x_wconf 83' lang='grc' dir='ltr'>τε</span> 
     </span>
     <span class='ocr_line' id='line_1_25' title="bbox 93 2055 1707 2113; baseline 0.002 -16"><span class='ocrx_word' id='word_1_210' title='bbox 93 2055 283 2111; x_wconf 77' lang='grc' dir='ltr'>βοτάνης</span> <span class='ocrx_word' id='word_1_211' title='bbox 316 2057 391 2105; x_wconf 87' lang='grc' dir='ltr'>τὴν</span> <span class='ocrx_word' id='word_1_212' title='bbox 422 2058 760 2112; x_wconf 81' lang='grc' dir='ltr'>προςηνεστάτην</span> <span class='ocrx_word' id='word_1_213' title='bbox 793 2060 854 2098; x_wconf 86' lang='grc' dir='ltr'>καὶ</span> <span class='ocrx_word' id='word_1_214' title='bbox 887 2059 986 2105; x_wconf 83' lang='grc' dir='ltr'>τοὺς</span> <span class='ocrx_word' id='word_1_215' title='bbox 1017 2058 1275 2110; x_wconf 82' lang='grc' dir='ltr'>αὐτομάτους</span> <span class='ocrx_word' id='word_1_216' title='bbox 1307 2058 1388 2099; x_wconf 76' lang='grc' dir='ltr'>ἀπὸ</span> <span class='ocrx_word' id='word_1_217' title='bbox 1412 2062 1494 2099; x_wconf 73' lang='grc' dir='ltr'>τῶν</span> <span class='ocrx_word' id='word_1_218' title='bbox 1527 2056 1707 2113; x_wconf 65' lang='grc' dir='ltr'>δένδρων</span> 
     </span>
     <span class='ocr_line' id='line_1_26' title="bbox 95 2133 1708 2190; baseline 0.001 -15"><span class='ocrx_word' id='word_1_219' title='bbox 95 2135 278 2188; x_wconf 80' lang='grc' dir='ltr'>καρπούς</span> <span class='ocrx_word' id='word_1_220' title='bbox 299 2164 306 2172; x_wconf 91' lang='grc'><em>.</em></span> <span class='ocrx_word' id='word_1_221' title='bbox 329 2137 391 2175; x_wconf 81' lang='grc' dir='ltr'>καὶ</span> <span class='ocrx_word' id='word_1_222' title='bbox 422 2133 759 2187; x_wconf 80' lang='grc' dir='ltr'>πολεμουμένους</span> <span class='ocrx_word' id='word_1_223' title='bbox 789 2135 861 2187; x_wconf 75' lang='grc' dir='ltr'>μέν</span> <span class='ocrx_word' id='word_1_224' title='bbox 883 2135 962 2175; x_wconf 77' lang='grc' dir='ltr'>ὑπὸ</span> <span class='ocrx_word' id='word_1_225' title='bbox 985 2138 1068 2175; x_wconf 80' lang='grc' dir='ltr'>τῶν</span> <span class='ocrx_word' id='word_1_226' title='bbox 1090 2137 1272 2188; x_wconf 55' lang='grc' dir='ltr'>θηρίων,</span> <span class='ocrx_word' id='word_1_227' title='bbox 1297 2134 1506 2184; x_wconf 78' lang='grc' dir='ltr'>ἀλλήλοις</span> <span class='ocrx_word' id='word_1_228' title='bbox 1528 2133 1708 2190; x_wconf 63' lang='grc' dir='ltr'>βοηθεῖν</span> 
     </span>
     <span class='ocr_line' id='line_1_27' title="bbox 94 2209 1706 2268; baseline 0.001 -16"><span class='ocrx_word' id='word_1_229' title='bbox 94 2212 175 2253; x_wconf 82' lang='grc' dir='ltr'>ὑπὸ</span> <span class='ocrx_word' id='word_1_230' title='bbox 196 2214 269 2252; x_wconf 79' lang='grc' dir='ltr'>τοῦ</span> <span class='ocrx_word' id='word_1_231' title='bbox 293 2213 575 2266; x_wconf 77' lang='grc' dir='ltr'>συμφέροντος</span> <span class='ocrx_word' id='word_1_232' title='bbox 598 2209 937 2264; x_wconf 65' lang='grc' dir='ltr'>διδασκομένους,</span> <span class='ocrx_word' id='word_1_233' title='bbox 957 2211 1285 2266; x_wconf 55' lang='grc' dir='ltr'>ἀθροιζομένους</span> <span class='ocrx_word' id='word_1_234' title='bbox 1305 2211 1343 2254; x_wconf 75' lang='grc' dir='ltr'>δὲ</span> <span class='ocrx_word' id='word_1_235' title='bbox 1363 2210 1427 2254; x_wconf 68' lang='grc' dir='ltr'>διὰ</span> <span class='ocrx_word' id='word_1_236' title='bbox 1447 2214 1520 2254; x_wconf 81' lang='grc' dir='ltr'>τὸν</span> <span class='ocrx_word' id='word_1_237' title='bbox 1540 2212 1706 2268; x_wconf 72' lang='grc' dir='ltr'>φόβον,</span> 
     </span>
     <span class='ocr_line' id='line_1_28' title="bbox 95 2287 1708 2344; baseline 0.002 -15"><span class='ocrx_word' id='word_1_238' title='bbox 95 2288 373 2343; x_wconf 82' lang='grc' dir='ltr'>ἐπιγινώσκειν</span> <span class='ocrx_word' id='word_1_239' title='bbox 405 2290 445 2329; x_wconf 80' lang='grc' dir='ltr'>ἐκ</span> <span class='ocrx_word' id='word_1_240' title='bbox 474 2292 547 2329; x_wconf 81' lang='grc' dir='ltr'>τοῦ</span> <span class='ocrx_word' id='word_1_241' title='bbox 579 2287 678 2329; x_wconf 74' lang='grc' dir='ltr'>κατεῖ</span> <span class='ocrx_word' id='word_1_242' title='bbox 707 2290 852 2344; x_wconf 86' lang='grc' dir='ltr'>μικρὸν</span> <span class='ocrx_word' id='word_1_243' title='bbox 873 2291 970 2337; x_wconf 87' lang='grc' dir='ltr'>τοὺς</span> <span class='ocrx_word' id='word_1_244' title='bbox 992 2288 1200 2338; x_wconf 79' lang='grc' dir='ltr'>ἀλλήλων</span> <span class='ocrx_word' id='word_1_245' title='bbox 1224 2292 1380 2338; x_wconf 74' lang='grc' dir='ltr'>τύπους</span> <span class='ocrx_word' id='word_1_246' title='bbox 1403 2321 1410 2329; x_wconf 92' lang='grc'><em>.</em></span> <span class='ocrx_word' id='word_1_247' title='bbox 1436 2321 1444 2328; x_wconf 93' lang='grc'>.</span> <span class='ocrx_word' id='word_1_248' title='bbox 1471 2323 1478 2330; x_wconf 93' lang='grc'>.</span> <span class='ocrx_word' id='word_1_249' title='bbox 1511 2292 1607 2339; x_wconf 83' lang='grc' dir='ltr'>τοὺς</span> <span class='ocrx_word' id='word_1_250' title='bbox 1631 2290 1708 2332; x_wconf 81' lang='grc' dir='ltr'>οὗν</span> 
     </span>
     <span class='ocr_line' id='line_1_29' title="bbox 94 2364 1705 2422; baseline 0.002 -16"><span class='ocrx_word' id='word_1_251' title='bbox 94 2366 285 2419; x_wconf 83' lang='grc' dir='ltr'>πρώτους</span> <span class='ocrx_word' id='word_1_252' title='bbox 306 2368 389 2407; x_wconf 76' lang='grc' dir='ltr'>τῶν</span> <span class='ocrx_word' id='word_1_253' title='bbox 411 2366 661 2420; x_wconf 63' lang='grc' dir='ltr'>οἰνιῗῑριιι’)πωιι7</span> <span class='ocrx_word' id='word_1_254' title='bbox 683 2364 858 2418; x_wconf 67' lang='grc' dir='ltr'>μηδενὸς</span> <span class='ocrx_word' id='word_1_255' title='bbox 880 2370 962 2408; x_wconf 79' lang='grc' dir='ltr'>τῶν</span> <span class='ocrx_word' id='word_1_256' title='bbox 980 2368 1088 2421; x_wconf 79' lang='grc' dir='ltr'>πρὸς</span> <span class='ocrx_word' id='word_1_257' title='bbox 1108 2364 1213 2421; x_wconf 74' lang='grc' dir='ltr'>βίον</span> <span class='ocrx_word' id='word_1_258' title='bbox 1228 2369 1445 2422; x_wconf 79' lang='grc' dir='ltr'>χρησίμων</span> <span class='ocrx_word' id='word_1_259' title='bbox 1463 2368 1705 2422; x_wconf 80' lang='grc' dir='ltr'>εὑρημένου,</span> 
     </span>
     <span class='ocr_line' id='line_1_30' title="bbox 94 2442 1705 2498; baseline 0.001 -14"><span class='ocrx_word' id='word_1_260' title='bbox 94 2444 299 2491; x_wconf 79' lang='grc' dir='ltr'>ἐπιπόνως</span> <span class='ocrx_word' id='word_1_261' title='bbox 346 2442 522 2498; x_wconf 71' lang='grc' dir='ltr'>διάγειν,</span> <span class='ocrx_word' id='word_1_262' title='bbox 564 2446 750 2498; x_wconf 85' lang='grc' dir='ltr'>γυμνοὺς</span> <span class='ocrx_word' id='word_1_263' title='bbox 789 2447 861 2496; x_wconf 77' lang='grc' dir='ltr'>μὲν</span> <span class='ocrx_word' id='word_1_264' title='bbox 903 2446 1075 2494; x_wconf 58' lang='grc' dir='ltr'>ἐσθῆτος</span> <span class='ocrx_word' id='word_1_265' title='bbox 1118 2445 1266 2492; x_wconf 81' lang='grc' dir='ltr'>ὄντας,</span> <span class='ocrx_word' id='word_1_266' title='bbox 1321 2446 1519 2493; x_wconf 78' lang='grc' dir='ltr'>οἰκήσεως</span> <span class='ocrx_word' id='word_1_267' title='bbox 1558 2442 1598 2486; x_wconf 67' lang='grc' dir='ltr'>δὲ</span> <span class='ocrx_word' id='word_1_268' title='bbox 1643 2447 1705 2486; x_wconf 79' lang='grc' dir='ltr'>καὶ</span> 
     </span>
     <span class='ocr_line' id='line_1_31' title="bbox 93 2519 1706 2576; baseline 0.001 -15"><span class='ocrx_word' id='word_1_269' title='bbox 93 2521 227 2574; x_wconf 84' lang='grc' dir='ltr'>πυρὸς</span> <span class='ocrx_word' id='word_1_270' title='bbox 258 2521 416 2570; x_wconf 62' lang='grc' dir='ltr'>ἀήθεις,</span> <span class='ocrx_word' id='word_1_271' title='bbox 451 2527 607 2576; x_wconf 82' lang='grc' dir='ltr'>τροφῆς</span> <span class='ocrx_word' id='word_1_272' title='bbox 640 2519 827 2576; x_wconf 69' lang='grc' dir='ltr'>δ’ἡμέρου</span> <span class='ocrx_word' id='word_1_273' title='bbox 858 2521 1074 2572; x_wconf 80' lang='grc' dir='ltr'>παντελῶς</span> <span class='ocrx_word' id='word_1_274' title='bbox 1106 2522 1412 2569; x_wconf 81' lang='grc' dir='ltr'>ἀνεννοήτους.</span> <span class='ocrx_word' id='word_1_275' title='bbox 1436 2524 1499 2562; x_wconf 88' lang='grc' dir='ltr'>καὶ</span> <span class='ocrx_word' id='word_1_276' title='bbox 1529 2520 1609 2576; x_wconf 69' lang='grc' dir='ltr'>γάρ</span> <span class='ocrx_word' id='word_1_277' title='bbox 1630 2523 1706 2570; x_wconf 89' lang='grc' dir='ltr'>τὴν</span> 
     </span>
    </p>
   </div>
   <div class='ocr_carea' id='block_1_3' title="bbox 94 2595 1706 2654">
    <p class='ocr_par' dir='ltr' id='par_1_4' title="bbox 94 2595 1706 2654">
     <span class='ocr_line' id='line_1_32' title="bbox 94 2595 1706 2654; baseline 0.001 -16"><span class='ocrx_word' id='word_1_278' title='bbox 94 2595 349 2651; x_wconf 68' lang='grc' dir='ltr'>συγκομιδὴν</span> <span class='ocrx_word' id='word_1_279' title='bbox 384 2603 455 2648; x_wconf 84' lang='grc' dir='ltr'>τῆς</span> <span class='ocrx_word' id='word_1_280' title='bbox 488 2596 639 2652; x_wconf 79' lang='grc' dir='ltr'>ἀγρίας</span> <span class='ocrx_word' id='word_1_281' title='bbox 669 2605 826 2653; x_wconf 86' lang='grc' dir='ltr'>τροφῆς</span> <span class='ocrx_word' id='word_1_282' title='bbox 858 2599 1150 2654; x_wconf 77' lang='grc' dir='ltr'>ἀγνοοῦντας,</span> <span class='ocrx_word' id='word_1_283' title='bbox 1195 2596 1392 2651; x_wconf 72' lang='grc' dir='ltr'>μηδεμίαν</span> <span class='ocrx_word' id='word_1_284' title='bbox 1422 2601 1505 2640; x_wconf 78' lang='grc' dir='ltr'>τῶν</span> <span class='ocrx_word' id='word_1_285' title='bbox 1537 2602 1706 2652; x_wconf 84' lang='grc' dir='ltr'>καρπῶν</span> 
     </span>
    </p>
   </div>
   <div class='ocr_carea' id='block_1_4' title="bbox 181 2698 350 2703">
    <p class='ocr_par' dir='ltr' id='par_1_5' title="bbox 181 2698 350 2703">
     <span class='ocr_line' id='line_1_33' title="bbox 181 2698 350 2703; baseline 0 0"><span class='ocrx_word' id='word_1_286' title='bbox 181 2698 350 2703; x_wconf 95' lang='lat' dir='ltr'> </span> 
     </span>
    </p>
   </div>
   <div class='ocr_carea' id='block_1_5' title="bbox 97 2699 180 2703">
    <p class='ocr_par' dir='ltr' id='par_1_6' title="bbox 97 2699 180 2703">
     <span class='ocr_line' id='line_1_34' title="bbox 97 2699 180 2703; baseline 0 0"><span class='ocrx_word' id='word_1_287' title='bbox 97 2699 180 2703; x_wconf 95' lang='lat' dir='ltr'> </span> 
     </span>
    </p>
   </div>
   <div class='ocr_carea' id='block_1_6' title="bbox 92 2759 1704 3052">
    <p class='ocr_par' dir='ltr' id='par_1_7' title="bbox 92 2759 1704 2864">
     <span class='ocr_line' id='line_1_35' title="bbox 137 2759 1704 2803; baseline -0.001 -11"><span class='ocrx_word' id='word_1_288' title='bbox 137 2761 159 2801; x_wconf 87' lang='grc'>1)</span> <span class='ocrx_word' id='word_1_289' title='bbox 205 2760 260 2792; x_wconf 87' lang='lat' dir='ltr'>Vs.</span> <span class='ocrx_word' id='word_1_290' title='bbox 286 2762 442 2794; x_wconf 81' lang='lat'>855—77.</span> <span class='ocrx_word' id='word_1_291' title='bbox 490 2760 537 2792; x_wconf 90' lang='lat' dir='ltr'>Hi</span> <span class='ocrx_word' id='word_1_292' title='bbox 559 2771 670 2792; x_wconf 86' lang='lat' dir='ltr'>versus</span> <span class='ocrx_word' id='word_1_293' title='bbox 684 2785 692 2799; x_wconf 87' lang='lat'>,</span> <span class='ocrx_word' id='word_1_294' title='bbox 716 2761 751 2792; x_wconf 89' lang='lat' dir='ltr'>ni</span> <span class='ocrx_word' id='word_1_295' title='bbox 774 2761 937 2800; x_wconf 83' lang='lat' dir='ltr'>fallimur,</span> <span class='ocrx_word' id='word_1_296' title='bbox 962 2766 1034 2803; x_wconf 80' lang='lat' dir='ltr'>post</span> <span class='ocrx_word' id='word_1_297' title='bbox 1057 2765 1244 2802; x_wconf 87' lang='lat' dir='ltr'>sequentem</span> <span class='ocrx_word' id='word_1_298' title='bbox 1266 2759 1435 2800; x_wconf 87' lang='lat' dir='ltr'>periodum</span> <span class='ocrx_word' id='word_1_299' title='bbox 1450 2759 1591 2800; x_wconf 87' lang='lat' dir='ltr'>ponendi</span> <span class='ocrx_word' id='word_1_300' title='bbox 1608 2763 1704 2799; x_wconf 73' lang='lat' dir='ltr'>sunt,</span> 
     </span>
     <span class='ocr_line' id='line_1_36' title="bbox 92 2823 546 2864; baseline -0.002 -9"><span class='ocrx_word' id='word_1_301' title='bbox 92 2833 133 2855; x_wconf 87' lang='lat' dir='ltr'>ne</span> <span class='ocrx_word' id='word_1_302' title='bbox 156 2834 277 2855; x_wconf 80' lang='lat' dir='ltr'>nexum</span> <span class='ocrx_word' id='word_1_303' title='bbox 299 2823 546 2864; x_wconf 82' lang='lat' dir='ltr'>interrumpant.</span> 
     </span>
    </p>

    <p class='ocr_par' dir='ltr' id='par_1_8' title="bbox 135 2885 464 2924">
     <span class='ocr_line' id='line_1_37' title="bbox 135 2885 464 2924; baseline -0.003 -7"><span class='ocrx_word' id='word_1_304' title='bbox 135 2885 159 2922; x_wconf 82' lang='grc'>2)</span> <span class='ocrx_word' id='word_1_305' title='bbox 205 2886 247 2917; x_wconf 91' lang='lat' dir='ltr'>D.</span> <span class='ocrx_word' id='word_1_306' title='bbox 272 2886 309 2917; x_wconf 87' lang='lat' dir='ltr'>L.</span> <span class='ocrx_word' id='word_1_307' title='bbox 335 2885 389 2924; x_wconf 87' lang='lat' dir='ltr'>X,</span> <span class='ocrx_word' id='word_1_308' title='bbox 415 2887 464 2918; x_wconf 79' lang='lat'>75.</span> 
     </span>
    </p>

    <p class='ocr_par' dir='ltr' id='par_1_9' title="bbox 135 2948 440 2990">
     <span class='ocr_line' id='line_1_38' title="bbox 135 2948 440 2990; baseline -0.007 -9"><span class='ocrx_word' id='word_1_309' title='bbox 135 2948 157 2986; x_wconf 76' lang='lat'>⁸)</span> <span class='ocrx_word' id='word_1_310' title='bbox 203 2948 243 2981; x_wconf 89' lang='lat' dir='ltr'>V.</span> <span class='ocrx_word' id='word_1_311' title='bbox 270 2950 329 2980; x_wconf 88' lang='grc'>195</span> <span class='ocrx_word' id='word_1_312' title='bbox 353 2959 440 2990; x_wconf 83' lang='lat' dir='ltr'>seqq.</span> 
     </span>
    </p>

    <p class='ocr_par' dir='ltr' id='par_1_10' title="bbox 135 3010 478 3052">
     <span class='ocr_line' id='line_1_39' title="bbox 135 3010 478 3052; baseline 0 -10"><span class='ocrx_word' id='word_1_313' title='bbox 135 3011 160 3051; x_wconf 79' lang='lat'>⁴)</span> <span class='ocrx_word' id='word_1_314' title='bbox 208 3010 279 3042; x_wconf 88' lang='lat' dir='ltr'>Lib.</span> <span class='ocrx_word' id='word_1_315' title='bbox 305 3011 342 3050; x_wconf 90' lang='lat' dir='ltr'>I,</span> <span class='ocrx_word' id='word_1_316' title='bbox 368 3021 436 3052; x_wconf 80' lang='lat' dir='ltr'>cap.</span> <span class='ocrx_word' id='word_1_317' title='bbox 461 3014 478 3041; x_wconf 88' lang='grc'>8</span> 
     </span>
    </p>
   </div>
  </div>
 </body>
</html>
