1921 3235
906 134 986 174 185

147 282 172 309 a
216 266 457 308 Democrito
503 266 787 321 discrepabat,
831 266 908 307 etsi
954 265 1211 307 constantius
1243 277 1407 319 semper
1435 263 1504 304 hic
1533 260 1753 303 ratiocina-

145 350 240 397 tur,
281 348 421 385 tamen
461 343 658 398 quoniam
689 358 782 384 cum
813 343 985 398 Epicuri
1016 342 1164 383 ethicis
1194 341 1412 397 principiis
1443 338 1752 391 cohaerebant,

146 422 311 463 stabilia
342 435 431 462 esse
464 420 684 461 debebant.
746 420 838 473 Sic,
869 424 917 461 ut
950 420 1028 461 hoc
1050 424 1170 472 utar,
1203 418 1424 459 declinatio
1446 421 1678 458 atomorum
1699 413 1752 456 ab

146 499 327 554 Epicuro
345 499 539 550 inventa,
572 497 776 552 quomodo
797 498 929 538 libera
950 511 1024 537 nos
1044 501 1211 537 utamur
1226 495 1441 536 voluntate
1458 493 1669 549 explicare
1683 491 1752 532 de-

146 576 250 629 buit,
268 575 377 631 quod
393 575 594 630 placitum
611 575 720 615 inter
733 575 979 629 gravissima
990 575 1117 615 totius
1130 574 1287 615 ethices
1299 573 1531 628 Epicureae
1545 570 1750 612 exstabat.

145 654 294 709 Itaque
325 653 416 708 ipsa
447 652 632 693 doctrina
662 653 764 693 fines
801 652 1080 708 praescripsit,
1113 665 1214 707 quos
1244 650 1477 705 transgredi
1508 663 1591 690 non
1607 647 1750 689 licuit:

148 743 254 785 quae
287 734 400 770 certa
430 733 502 770 aut
532 729 693 770 incerta
724 733 888 781 essent,
921 732 1113 769 accurate
1147 732 1236 769 erat
1266 727 1508 768 indicatum.
1555 726 1605 766 In
1636 724 1752 766 scho-

145 807 229 848 lam
274 807 576 862 Epicureorum
622 806 700 847 hoc
746 820 869 861 saepe
909 807 1106 847 iteratum
1148 805 1334 846 Lucretii
1366 804 1521 844 dictum
1552 801 1752 857 quadrat:

149 884 462 940 „quodcumque
510 885 594 924 suis
639 888 847 924 mutatum
892 884 1043 924 finibus
1089 883 1201 935 exit,
1248 882 1387 923 statim
1428 881 1471 921 id
1530 893 1640 920 mors
1691 882 1754 919 est

145 962 258 1002 illius
304 962 414 1017 quod
453 962 532 1002 fuit
563 962 711 1002 ante”:
754 962 824 1016 qui
855 961 1045 1014 magistri
1076 960 1317 1015 principiis,
1364 958 1492 1000 animi
1523 956 1754 1011 tranquilli-

146 1044 276 1081 tatem
317 1054 524 1081 summum
567 1053 656 1080 esse
688 1040 865 1092 bonum,
912 1043 1105 1079 naturam
1136 1039 1274 1079 omnia
1305 1051 1358 1078 ex
1390 1036 1538 1078 atomis
1569 1039 1754 1076 constru-

145 1118 257 1158 xisse
290 1117 367 1158 diis
399 1121 645 1172 expertem,
678 1131 822 1157 sensus
854 1117 961 1157 solos
993 1115 1093 1171 quid
1122 1129 1267 1155 verum
1300 1115 1352 1155 sit
1385 1113 1639 1164 diiudicare,
1670 1125 1755 1152 non

146 1195 454 1236 assentiebatur
498 1209 523 1235 a
564 1193 706 1234 schola
748 1193 1077 1245 excludebatur,
1125 1193 1195 1248 qui
1239 1206 1288 1233 ea
1318 1191 1547 1246 probabat,
1594 1189 1755 1244 reliqua

146 1286 300 1326 negare
346 1286 429 1313 non
469 1276 645 1327 poterat.
708 1272 803 1326 Ipse
834 1271 1041 1326 Epicurus
1072 1269 1347 1311 constantiam
1379 1282 1471 1309 eam
1503 1279 1755 1321 consequen-

146 1354 232 1390 tem
264 1363 354 1390 esse
387 1349 601 1389 doctrinae
634 1348 870 1389 evidentiae
903 1346 1106 1399 credidit,
1143 1346 1242 1401 quin
1275 1345 1402 1386 etiam
1424 1358 1518 1385 cum
1537 1343 1755 1384 hominum

148 1427 331 1482 corporis
363 1431 504 1480 statu,
543 1440 641 1480 ergo
673 1440 767 1466 cum
799 1430 1031 1466 atomorum
1062 1424 1193 1465 forma
1224 1427 1265 1464 et
1292 1421 1527 1478 „positura”
1549 1434 1640 1461 eam
1661 1433 1756 1461 con-

146 1505 298 1545 iunxit.
361 1504 499 1546 Ἀλλὰ
534 1507 594 1545 καὶ
628 1505 702 1545 τὸν
735 1502 845 1550 ἅπαξ
875 1504 1101 1558 ’γενόμενον
1133 1502 1267 1556 σοφὸν
1297 1502 1430 1553 μηκέτι
1460 1500 1535 1547 τὴν
1568 1499 1756 1540 ἐναντίαν

147 1581 381 1638 λαμβάνειν
424 1580 606 1623 διάθεσιν
648 1579 744 1634 μηδὲ
785 1580 978 1622 πλάττειν
1010 1580 1153 1620 ἑκόντα
1186 1592 1194 1600 ·
1228 1579 1378 1619 πάθεσι
1407 1575 1574 1628 μᾶλλον
1607 1592 1758 1629 συσχε-

147 1662 350 1708 θήσεσθαι
385 1673 393 1682 ·
427 1660 502 1700 οὐκ
533 1658 583 1700 ἂν
615 1656 828 1709 ἐμποδίσαι
859 1658 967 1712 πρὸς
997 1658 1072 1705 τὴν
1104 1658 1256 1710 σοφίαν
1290 1668 1298 1676 ·
1332 1652 1425 1696 οὐδὲ
1456 1654 1536 1705 μὴν
1558 1653 1597 1693 ἐκ
1619 1652 1757 1701 πάσης

147 1739 337 1791 σώματος
385 1736 506 1785 ἕξεως
537 1738 673 1792 σοφὸν
704 1738 895 1792 ’γενέσθαι
927 1734 976 1776 ἂν
1009 1732 1095 1776 οὐδ’
1127 1736 1168 1775 ἐν
1200 1735 1321 1775 παντὶ
1354 1732 1460 1774 ἕὲτνει
1487 1729 1523 1783 ¹).
1585 1728 1757 1784 Sapien-

146 1819 232 1857 tem
264 1815 371 1855 dixit
402 1813 634 1870 δογματιεῖν
664 1833 704 1855 τε
734 1816 796 1855 καὶ
829 1800 903 1855 obi<
933 1813 1158 1866 ἀπορήσειν
1180 1811 1222 1863 2).

204 1893 397 1948 Denique
441 1895 572 1932 restat
612 1895 659 1931 ut
698 1890 842 1945 paucis
874 1903 979 1945 quae
1011 1889 1094 1929 sint
1125 1887 1315 1929 Lucretii
1347 1885 1577 1927 carminum
1608 1882 1759 1924 merita

147 1983 392 2022 narremus,
438 1982 491 2009 ne
536 1968 642 2008 forte
687 1970 810 2022 putes
856 1980 931 2007 nos
979 1980 1075 2006 eum
1106 1979 1210 2020 opus
1243 1975 1601 2019 supervacaneum
1633 1960 1759 2015 scrip-

149 2047 250 2088 sisse
295 2060 478 2087 censere.
540 2044 762 2086 Lucretius
809 2048 871 2084 est
916 2047 1040 2098 poeta
1114 2043 1269 2083 Poesin
1314 2045 1455 2082 autem
1503 2044 1550 2080 ut
1599 2042 1760 2080 ceteras

150 2129 260 2166 artes
306 2124 514 2179 Epicurus
558 2137 642 2164 non
683 2122 826 2176 magni
867 2121 1035 2161 duxisse
1067 2120 1261 2173 videtur,
1308 2134 1402 2160 cum
1433 2132 1525 2159 eam
1554 2116 1760 2173 puerilem

153 2202 475 2242 delectationem
520 2204 689 2241 vocaret
735 2204 777 2240 et
818 2199 958 2254 potius
999 2198 1227 2253 voluptatis
1259 2211 1382 2253 quam
1412 2195 1606 2237 utilitatis
1638 2207 1763 2235 causa

152 2279 430 2320 exercendam
460 2277 507 2332 3).
544 2278 765 2320 Lucretius
795 2281 841 2317 ut
871 2277 1005 2317 fidelis
1035 2276 1225 2330 magistri
1257 2274 1508 2329 discipulus,
1534 2273 1645 2313 idem
1668 2285 1762 2312 con-

151 2357 317 2398 firmare
363 2356 512 2409 audet,
554 2370 649 2397 cum
681 2355 746 2396 IV
792 2369 852 2395 vs.
889 2356 939 2395 10
972 2368 1085 2409 seqq.
1118 2358 1240 2394 canat
1272 2366 1314 2393 se
1345 2352 1510 2407 poetica
1539 2350 1671 2391 forma
1700 2349 1763 2389 uti

152 2435 221 2476 vel
265 2448 457 2486 „musaeo
500 2433 611 2474 dulci
643 2433 886 2487 contingere
918 2432 1071 2472 melle'’
1104 2431 1336 2483 rationem,
1380 2430 1625 2484 plerumque
1657 2440 1764 2483 quae

152 2512 346 2553 videatur
389 2511 547 2551 tristior
593 2524 705 2563 esse,
753 2514 828 2560 ut,
875 2509 1228 2565 quemadmodum
1273 2507 1425 2548 medici
1452 2505 1594 2561 pueris
1624 2518 1766 2545 amara

153 2588 460 2629 medicamenta
503 2587 774 2641 „contingant
816 2586 952 2627 mellis
987 2586 1098 2626 dulci
1127 2586 1318 2640 flavoque
1349 2584 1509 2639 liquore
1540 2586 1588 2622 ut
1618 2594 1766 2637 puero-

154 2680 247 2706 rum
277 2669 392 2707 aetas
421 2664 655 2719 improvida
685 2663 979 2716 ludificetur'',
1014 2663 1070 2703 sic
1103 2675 1266 2718 quoque
1287 2661 1432 2716 pulcra
1451 2659 1615 2715 poetica
1633 2658 1767 2699 forma

155 2742 314 2783 aridam
360 2746 401 2782 et
441 2741 584 2782 multis
624 2741 895 2782 iniucundam
927 2740 1157 2782 doctrinam
1189 2742 1377 2780 exornet.
1439 2736 1678 2778 Laudemus
1707 2739 1767 2776 ta-

201 2876 226 2918 ¹)
270 2876 313 2907 D.
338 2876 376 2908 L.
401 2876 452 2914 X,
479 2876 549 2908 117.

198 2939 225 2980 ²)
274 2939 314 2971 D.
339 2938 377 2970 L.
401 2938 452 2977 X,
480 2940 548 2970 121.

200 3002 226 3042 ³)
276 3001 343 3033 Cic.
368 3001 407 3032 de
430 2999 504 3032 Fin.
528 2999 556 3031 Ι.
580 2998 668 3031 Plut.
693 2999 767 3031 Non
789 3009 881 3039 posse
909 3008 999 3030 suav.
1024 2997 1094 3029 vivi
1116 3000 1190 3029 cett.
1234 2997 1275 3028 D.
1301 2997 1338 3028 L.
1362 2996 1416 3034 Χ,
1443 2997 1511 3026 120.
