1894 3235
395 628 756 688 CAPUT
829 626 1405 688 SEPTIMUM.

263 1069 346 1107 DE
397 1067 680 1107 MORAM
734 1066 1087 1105 Ι-ΗΟΒΕΤΙΙ
1141 1064 1543 1103 ΒΟΟΤΗΙΝΑ.

156 1251 327 1307 Epicuri
368 1256 555 1306 tempore
586 1250 823 1306 respublica
852 1248 1126 1290 Atheniensis
1156 1247 1239 1288 iam
1273 1247 1343 1287 diu
1372 1247 1570 1301 pristinas
1597 1246 1708 1287 vires

99 1328 306 1369 amiserat.
352 1328 465 1368 Dum
496 1342 545 1368 ea
576 1327 749 1368 florebat
782 1340 924 1367 omnes
956 1326 1068 1366 cives
1100 1324 1310 1365 communi
1343 1337 1547 1364 consensu
1578 1323 1707 1364 totius

99 1404 280 1445 civitatis
301 1405 478 1445 salutem
509 1404 787 1459 quaerebant:
823 1403 900 1443 etsi
933 1402 982 1443 de
1016 1402 1112 1454 via,
1146 1415 1227 1456 qua
1258 1400 1443 1455 petenda
1474 1405 1591 1453 erat,
1623 1413 1707 1440 non

100 1496 242 1523 omnes
275 1482 611 1534 consentiebant,
644 1495 813 1522 concors
836 1489 975 1521 tamen
1006 1484 1094 1520 erat
1132 1479 1286 1519 civium
1309 1479 1420 1519 vitae
1442 1478 1567 1531 ratio,
1591 1478 1709 1533 quasi

101 1574 225 1601 unam
255 1560 456 1600 familiam
487 1559 802 1599 constituerent.
837 1557 919 1598 Sed
952 1557 1161 1597 communi
1192 1556 1262 1596 illo
1284 1556 1451 1595 vinculo
1473 1555 1706 1608 confracto,

99 1652 172 1678 sua
202 1638 351 1692 cuique
373 1637 482 1677 salus
514 1637 600 1677 sola.
622 1636 735 1676 cordi
758 1644 857 1676 erat.
892 1635 1002 1682 Quid
1025 1634 1216 1674 omnibus
1237 1633 1433 1688 prodesse
1458 1638 1599 1688 posset
1621 1647 1706 1673 non

99 1715 279 1770 primum
310 1715 609 1770 quaerebatur,
642 1714 714 1754 sed
745 1713 949 1768 quomodo
992 1713 1166 1767 quisque
1197 1711 1376 1751 iucunde
1409 1711 1551 1751 vivere
1569 1720 1709 1765 posset

101 1797 143 1834 et
174 1793 426 1848 tranquille,
458 1791 501 1832 id
531 1805 674 1833 omnes
707 1791 979 1841 sollicitabat,
1013 1795 1054 1830 et
1085 1804 1165 1844 quo
1198 1789 1331 1843 magis
1362 1788 1598 1843 respublica
1620 1792 1710 1828 erat

101 1869 319 1910 debilitata
365 1873 407 1909 et
452 1874 573 1909 vetus
614 1868 762 1922 religio
794 1872 1033 1921 contempta
1063 1866 1254 1918 iacebat,
1302 1879 1349 1906 eo
1380 1865 1514 1919 magis
1546 1879 1568 1905 e
1601 1879 1709 1905 com-

99 1948 217 1988 muni
260 1947 348 1987 vita
390 1947 601 2001 sapientes
633 1950 673 1986 et
705 1945 814 1986 docti
847 1945 923 1985 viri
955 1944 1248 1998 confugiebant
1281 1943 1333 1984 ad
1364 1942 1710 1998 philosophorum

102 2025 337 2077 doctrinas,
369 2029 415 2064 ut
446 2024 574 2065 animi
605 2023 951 2078 tranquillitatem
982 2029 1316 2076 assequerentur.
1367 2021 1478 2061 Nam
1509 2021 1598 2075 ipsa
1619 2019 1711 2075 phi-

100 2100 316 2156 losophia,
363 2115 487 2155 quam
533 2100 723 2141 Socrates
763 2100 846 2140 iam
887 2099 1038 2139 dicitur
1073 2098 1319 2150 „devocasse
1352 2111 1374 2138 e
1407 2097 1547 2150 caelo,
1596 2102 1637 2137 et
1668 2097 1711 2137 in

101 2178 274 2219 urbibus
320 2178 543 2219 collocasse
591 2182 632 2218 et
676 2177 720 2217 in
763 2177 904 2217 domos
945 2177 1071 2216 etiam
1100 2175 1405 2227 introduxisse,
1453 2180 1493 2215 et
1525 2175 1711 2229 coegisse

102 2256 152 2296 de
182 2256 270 2296 vita
301 2260 343 2296 et
371 2256 584 2308 moribus,
615 2255 823 2310 rebusque
855 2254 973 2295 bonis
1006 2258 1047 2294 et
1076 2253 1197 2294 malis
1228 2252 1456 2308 quaerere'’
1480 2253 1507 2305 ¹)
1551 2253 1595 2292 in
1625 2266 1710 2292 mo-

101 2333 178 2374 rali
209 2333 395 2374 doctrina
425 2333 511 2374 fere
542 2337 630 2373 tota
660 2332 932 2384 versabatur,
965 2345 1059 2371 cum
1089 2330 1262 2386 physica
1293 2334 1334 2370 et
1365 2330 1564 2370 canonica
1595 2329 1711 2384 quasi

101 2410 277 2452 ancillae
319 2415 456 2451 essent
502 2410 672 2451 ethices.
731 2410 880 2464 Itaque
926 2408 1171 2463 Ἐπίκουρος
1204 2408 1317 2461 ἔλεγε
1348 2409 1423 2456 τὴν
1456 2407 1711 2463 φιλοσοφίαν

102 2490 306 2543 ἐνέργειαν
338 2489 437 2529 εἶναι
468 2487 618 2542 λόγοις
649 2491 711 2528 καὶ
744 2486 1032 2542 διαλογισμοῖς
1063 2487 1137 2526 τὸν
1169 2485 1389 2537 εὐδαίμονα
1411 2483 1515 2539 βίον
1535 2502 1712 2538 περιποι-

100 2571 231 2608 οῦσαν
251 2564 299 2619 2).
359 2565 644 2606 Romanorum
673 2565 932 2620 respublica,
966 2563 1042 2604 etsi
1074 2563 1246 2603 ineunte
1270 2562 1433 2602 saeculo
1455 2562 1588 2616 primo
1611 2566 1708 2602 ante

102 2641 315 2683 Christum
344 2642 487 2682 multis
518 2646 606 2683 erat
636 2642 826 2697 partibus
857 2642 908 2682 ab
939 2640 1212 2692 Atheniensi,
1252 2639 1385 2694 qualis
1417 2643 1505 2679 erat
1536 2637 1710 2693 Epicuri

100 2723 316 2775 tempore,
359 2719 548 2773 diversa,
589 2719 667 2760 hoc
699 2724 842 2760 tamen
872 2719 982 2759 inter
1012 2722 1232 2772 utramque
1265 2716 1568 2768 conveniebat,
1601 2714 1711 2770 quod

106 2810 348 2850 „commune
391 2796 573 2837 bonum”
619 2810 703 2837 non
747 2796 926 2851 amplius
973 2796 1084 2836 cives
1115 2808 1259 2835 omnes
1290 2793 1518 2845 incitabat,
1565 2796 1613 2832 ut
1643 2791 1711 2832 vel

145 2989 170 3031 ι)
217 2989 283 3021 Cic.
305 2988 399 3029 Disp.
424 2987 519 3019 Tuse.
543 2987 600 3018 lib.
624 2987 665 3019 V.

143 3051 171 3093 ²)
218 3051 306 3083 Sext.
330 3051 424 3091 Emp.
450 3053 541 3092 Πρὸς
564 3049 700 3091 δογματ.
724 3049 763 3081 Ε.
791 3051 860 3080 169.

1461 3112 1507 3150 11
