1894 3235
965 128 1018 168 96

173 259 251 302 1100
297 260 511 302 criterium
542 261 758 316 posuisse,
811 275 1065 317 quamquam
1095 277 1179 304 non
1211 266 1375 304 constat
1406 277 1501 305 eum
1531 264 1576 304 111
1607 264 1798 306 omnibus

173 339 258 380 suis
289 339 453 394 scriptis
485 352 651 393 semper
693 338 772 379 sibi
804 339 1054 381 constitisse.

233 414 330 471 Ipse
375 419 500 471 poeta
545 415 676 456 sensit
722 416 878 457 multas
923 417 1061 458 inesse
1104 416 1370 458 difficultates
1411 417 1455 458 in
1485 416 1564 459 1130
1596 417 1796 459 doctrina.

175 494 331 536 Docuit
377 508 475 536 sane
513 508 583 535 eas
613 494 844 549 imagines,
890 509 997 551 quae
1028 496 1072 536 111
1102 500 1288 537 mentem
1319 500 1544 552 penetrant
1574 497 1706 539 multo
1737 501 1798 539 te-

175 572 343 612 nuiores
395 584 484 612 esse
526 585 651 626 quam
692 571 810 625 illas,
863 586 970 628 quae
1017 586 1162 614 sensus
1207 564 1398 615 afficiunt
1417 578 1466 627 ¹),
1519 578 1560 615 et
1604 574 1798 629 probavit

176 650 363 691 animum
394 663 527 705 aeque
559 654 684 705 atque
717 664 862 691 sensus
893 651 1126 693 simulacris
1156 653 1344 706 moveri,
1387 653 1584 708 quoniam
1629 657 1797 709 „quate-

175 743 253 769 nus
283 727 362 769 hoc
394 728 529 769 simile
562 732 624 769 est
654 728 744 781 illi,
794 728 905 784 quod
935 733 1077 770 mente
1108 729 1299 771 videmus
1330 734 1455 786 atque
1487 731 1639 784 oeulis,
1671 731 1797 772 simili

174 806 337 847 ratione
370 805 460 846 fieri
492 819 664 847 necesse
706 807 796 846 est'⁷
815 806 873 860 ²),
921 806 994 847 sed
1025 810 1166 848 tamen
1203 808 1470 864 „multa(que)
1503 809 1545 849 in
1576 808 1642 849 his
1672 808 1798 850 rebus

173 888 463 940 quaeruntur,
510 884 726 939 multaque
759 884 878 925 nobis
910 885 1220 938 clarandumst,
1261 886 1383 940 plane
1415 887 1447 927 si
1480 900 1546 927 res
1578 900 1794 942 exponere

171 959 434 1016 avemus’'³).
498 961 715 1010 Quomodo
746 962 792 1002 fit
823 966 870 1003 ut
901 962 1025 1003 homo
1058 963 1244 1017 cogitare
1276 963 1429 1018 possit,
1462 964 1796 1020 quibuscumque

171 1039 222 1081 de
267 1040 394 1081 rebus
440 1040 579 1080 velit?
641 1040 701 1081 Ut
748 1040 819 1081 alii
866 1041 1014 1081 codem
1055 1040 1146 1082 loco
1195 1041 1426 1097 eodemque
1473 1045 1661 1098 tempore
1692 1042 1796 1084 alias

170 1117 356 1159 habeant
402 1118 709 1172 cogitationes?
771 1118 832 1159 Ut
878 1119 1085 1172 imagines
1123 1119 1167 1160 in
1197 1133 1421 1160 numerum
1451 1120 1678 1175 procedere
1710 1134 1797 1162 cer-

173 1210 322 1237 namus
352 1196 396 1236 in
428 1196 582 1237 somnis
614 1200 655 1237 et
686 1196 830 1237 mollia
860 1197 1048 1238 membra
1077 1198 1279 1238 movere?

237 1273 460 1327 „Scilicet,
506 1277 595 1314 arte
636 1273 808 1314 madent
840 1274 1062 1315 simulacra
1094 1278 1136 1315 et
1168 1274 1290 1315 docta
1316 1278 1547 1329 vagantur,
1594 1278 1797 1316 nocturno

167 1351 305 1393 facere
345 1355 391 1392 ut
423 1351 584 1406 possint
615 1351 657 1391 in
690 1355 879 1407 tempore
912 1352 1044 1393 ludos.
1106 1352 1176 1394 An
1210 1353 1344 1407 magis
1375 1353 1481 1393 illud
1512 1353 1590 1394 erit
1620 1354 1797 1394 verum?

170 1430 268 1486 quia
312 1434 500 1485 tempore
552 1430 594 1470 in
640 1444 723 1470 uno
770 1430 880 1485 quod
922 1431 1148 1484 sentimus,
1180 1431 1223 1471 id
1255 1436 1318 1472 est
1350 1445 1445 1472 cum
1476 1445 1560 1472 vox
1592 1432 1799 1472 emittitur

170 1521 281 1559 una,
318 1511 510 1562 tempora
541 1506 675 1547 multa.
706 1506 861 1560 latent,
904 1508 1009 1548 ratio
1041 1522 1149 1563 quae
1181 1508 1385 1563 comperit
1417 1522 1535 1561 esse,
1576 1513 1799 1564 propterea

171 1585 217 1626 fit
262 1587 324 1626 uti
359 1586 506 1641 quovis
538 1586 580 1626 in
613 1590 801 1641 tempore
834 1600 1024 1642 quaeque
1057 1592 1224 1642 praesto
1258 1588 1340 1628 sint
1371 1588 1593 1628 simulacra
1622 1588 1724 1629 locis
1755 1588 1799 1629 in

172 1664 348 1719 quisque
385 1663 623 1719 pa1¹ata''⁴).

234 1741 401 1782 Deinde
450 1742 614 1782 animus
662 1755 705 1782 se
746 1741 966 1782 intendere
1010 1741 1135 1782 debet-
1172 1746 1219 1782 ut
1250 1742 1392 1783 videat
1423 1742 1652 1797 imagines,
1699 1757 1797 1785 nam

174 1821 374 1876 queniam
421 1824 569 1861 tenues
611 1824 706 1861 sunt
752 1820 1043 1875 praeteribunt
1084 1834 1161 1861 nec
1207 1820 1463 1861 videbuntur
1499 1822 1579 1862 nisi
1611 1822 1798 1863 animum

173 1898 368 1940 advertas
428 1898 538 1954 quod
595 1898 707 1939 idem
772 1899 840 1951 „in
903 1898 1026 1939 rebus
1089 1899 1271 1953 apertis''
1331 1899 1377 1939 fit
1422 1913 1498 1940 nec
1546 1904 1636 1940 tum
1669 1900 1792 1941 mira-

174 1990 269 2018 mur
290 1975 331 2030 ⁵).
408 1976 498 2017 Has
560 1976 825 2018 difficultates
881 1977 1022 2031 attigit
1072 1980 1198 2032 poeta
1248 1981 1413 2017 tantum
1463 1990 1600 2033 neque
1652 1991 1796 2019 omnes

176 2045 313 2085 solvit.
374 2044 435 2085 Ut
482 2045 715 2099 imaginum
757 2045 800 2085 in
846 2059 1068 2085 numerum
1109 2049 1246 2085 motus
1289 2045 1522 2100 explicaret
1559 2045 1642 2086 iam
1674 2050 1799 2088 antea

173 2137 234 2164 vs.
282 2125 362 2164 775
402 2123 566 2164 monuit
604 2123 649 2164 in
694 2137 777 2163 uno
821 2123 1007 2164 sensibili
1038 2127 1227 2178 tempore
1259 2123 1380 2178 plura
1411 2123 1547 2164 inesse
1582 2127 1796 2179 tempora,

176 2215 283 2257 quae
328 2201 492 2242 ratione
534 2205 698 2242 tantum
746 2205 1064 2255 cognoscantur.
1125 2200 1244 2242 Idem
1291 2201 1486 2255 opinatur
1527 2200 1700 2242 fortasse
1743 2201 1795 2242 de

175 2279 431 2334 imaginibus
479 2279 560 2320 dici
605 2292 740 2334 posse.
804 2279 854 2320 In
903 2279 1050 2334 quovis
1097 2279 1281 2320 sensibili
1329 2283 1518 2334 tempore
1558 2293 1685 2320 unam
1718 2279 1798 2320 dis-

222 2511 244 2548 l)
290 2510 346 2542 Vs.
373 2511 454 2549 728,
480 2511 529 2541 29.

221 2574 244 2612 2)
290 2574 346 2605 Vs.
373 2574 433 2607 750
459 2573 574 2605 Simile
596 2576 646 2605 est
668 2576 897 2614 argumentum
920 2576 1018 2615 atque
1041 2583 1089 2605 vs.
1115 2575 1186 2604 230.

220 2637 243 2675 3)
289 2636 346 2669 Vs.
371 2637 442 2670 777.

220 2699 245 2737 ⁴)
293 2700 471 2733 792—801.
510 2697 643 2730 Lachm.
661 2708 709 2729 vs.
729 2700 789 2729 896
807 2702 881 2730 ante
899 2700 958 2732 783
976 2698 1088 2739 ponit,
1113 2698 1171 2730 ubi
1186 2700 1388 2729 consentium
1403 2708 1468 2730 non
1483 2697 1592 2731 minus
1607 2697 1797 2739 impeditam

179 2761 453 2794 constructionem
476 2760 590 2792 reddit.
637 2761 816 2801 „Tempore
839 2761 874 2792 in
890 2772 955 2793 uno
981 2761 1067 2802 (velt
1095 2761 1160 2803 illo)
1179 2761 1264 2802 quod
1280 2760 1458 2793 sentimus”
1478 2760 1732 2802 circumscriptio
1748 2763 1798 2792 est

178 2823 333 2866 Epicurei
367 2824 402 2855 ἐν
439 2823 589 2864 αἰσθητῷ
624 2824 746 2864 χρόνῳ.
780 2823 822 2854 D.
857 2824 893 2854 L.
930 2824 972 2854 X.
998 2825 1053 2862 47,
1090 2827 1122 2855 et
1156 2823 1329 2864 opponitur
1360 2823 1580 2864 „temporibus
1605 2822 1688 2855 ratio
1714 2832 1796 2864 quae

178 2886 334 2927 comperit
357 2886 446 2917 esse’‘
473 2898 511 2914 Ξ
537 2885 588 2917 διὰ
612 2887 714 2928 λόγου
737 2888 918 2928 ἓεωρητοῑς
941 2890 1084 2928 χρόνοις.

222 2949 245 2986 ⁵)
292 2948 412 2980 Merito
441 2947 670 2980 Lachmannus
708 2948 768 2980 hos
804 2959 918 2981 versus
956 2949 1123 2983 777—817
1157 2948 1251 2981 uncis
1284 2948 1419 2982 inclusit
1451 2952 1617 2991 tamquam
1640 2951 1752 2990 postea
1777 2958 1797 2980 a

179 3015 272 3050 poeta
289 3009 425 3041 additos.
473 3009 522 3041 Cf.
549 3010 680 3051 Biicger
703 3009 821 3042 I’hilol.
846 3009 1010 3042 XXXIII
1025 3036 1032 3049 ‚
1058 3013 1129 3042 439.
