1894 3235
875 136 924 175 51

97 273 255 310 atomos
284 268 465 309 reddunt
493 268 667 309 molles:
713 281 810 308 nam
841 268 968 308 atomi
999 271 1089 308 tum
1119 280 1242 308 sensu
1273 265 1486 321 praeditae
1519 278 1608 306 esse
1641 263 1710 305 de-

96 346 219 399 bent,
251 347 389 387 onmia
419 350 583 398 autem,
616 359 722 401 quae
751 358 875 385 sensu
896 352 992 386 sunt
1012 345 1223 400 praedita,
1256 344 1477 385 coniuncta
1498 346 1594 382 sunt
1615 355 1710 382 cum

96 424 259 477 nervis,
291 424 522 465 visceribus
553 423 727 478 aliisque
759 423 991 476 eiusmodi,
1025 437 1130 478 quae
1161 422 1305 463 mollia
1335 426 1453 463 sunt:
1487 425 1529 461 at
1551 425 1711 461 atomos

98 501 221 542 duras
252 515 341 542 esse
372 515 497 556 supra
534 501 618 541 iam
649 500 799 555 patuit.
860 500 991 541 Porro
1023 501 1057 541 si
1088 505 1201 541 recte
1232 499 1276 540 hi
1309 499 1525 551 sentiunt,
1558 497 1713 538 debent

97 583 169 620 aut
213 578 439 634 primordia
484 578 579 632 (hoc
625 578 859 618 subiectum
906 592 996 618 esse
1041 578 1209 618 videtur
1255 591 1277 618 e
1319 591 1379 617 vs.
1413 578 1510 626 916)
1544 589 1713 616 sensum

96 657 226 712 partis
256 656 438 709 habere,
469 655 512 696 id
543 660 606 696 est
637 669 681 696 se
714 656 869 696 sentire
892 664 1104 711 tamquam
1127 659 1293 710 partes,
1318 658 1389 695 aut
1411 654 1536 694 simili
1557 667 1604 694 ac
1625 657 1713 693 tota

97 734 295 775 animalia
338 747 463 774 sensu
504 747 593 774 esse
634 733 835 788 praedita.
896 734 1018 774 Prius
1061 732 1164 773 illud
1204 738 1346 773 tamen
1376 731 1466 772 fieri
1488 745 1572 771 non
1592 743 1713 786 posse

97 812 271 868 quisque
311 811 499 865 videbit,
550 814 784 866 „nam(que)
827 811 907 851 alio
939 825 1084 852 sensus
1114 810 1398 851 membrorum
1427 809 1598 865 respicit
1629 822 1714 849 om-

96 891 188 943 nis,
234 903 311 931 1100
355 903 504 930 manus
548 903 573 929 a
615 889 736 929 nobis
781 889 890 944 potis
937 894 999 929 est
1046 898 1207 929 secreta
1245 901 1381 943 neque
1412 887 1499 928 ulla
1530 886 1713 942 corporis

97 967 266 1008 omnino
312 981 480 1008 sensum
523 980 620 1022 pars
667 966 754 1007 sola
784 966 956 1006 tenere''
989 967 1083 1019 (911
1103 998 1113 1018 ,
1149 967 1240 1018 12),
1288 979 1386 1019 ergo
1418 965 1555 1005 minus
1587 965 1714 1005 etiam

97 1059 140 1086 se
171 1050 386 1100 tamquam
416 1050 557 1100 partes
588 1044 743 1085 sentire
776 1050 973 1099 possunt,
1007 1053 1048 1084 et
1078 1057 1223 1084 rursus
1256 1043 1393 1083 minus
1425 1056 1479 1083 ex
1511 1056 1559 1083 eo
1591 1056 1717 1082 sensu

97 1123 226 1164 totius
256 1136 401 1164 sensus
432 1122 530 1163 oriri
561 1130 711 1177 potest.
731 1146 784 1150 —-
816 1121 882 1162 Xe
903 1121 1082 1162 alterum
1104 1120 1295 1175 quidem,
1318 1133 1467 1175 nempe
1489 1119 1717 1175 primordia

97 1201 223 1242 simili
274 1201 372 1241 totis
424 1200 673 1241 animalibus
723 1213 848 1240 sensu
898 1212 987 1239 esse
1026 1197 1244 1253 praedita,
1293 1197 1383 1238 fieri
1414 1202 1580 1253 potest3
1619 1212 1716 1238 nam

98 1279 237 1320 omnia
267 1277 464 1318 animalia
495 1276 753 1332 aliquamdiu
784 1280 949 1316 tantum
980 1289 1147 1316 sensum
1175 1274 1333 1316 habent
1354 1289 1490 1330 neque
1512 1280 1716 1330 perpetuo

98 1357 274 1397 vivunt:
318 1356 446 1396 atomi
490 1369 589 1409 ergo
622 1361 711 1395 tum
743 1367 907 1409 quoque
939 1353 1196 1408 aliquamdiu
1227 1360 1391 1393 tantum
1423 1366 1547 1394 sensu
1579 1356 1718 1393 essent

98 1433 337 1490 praeditae,
389 1432 539 1474 deinde
586 1446 634 1473 eo
682 1436 898 1473 carerent:
951 1436 993 1471 at
1038 1438 1128 1471 tum
1172 1431 1301 1472 atomi
1342 1437 1438 1471 sunt
1468 1430 1716 1484 mutabiles,

99 1511 210 1568 quod
241 1525 369 1567 supra
399 1510 658 1551 ostendimus
688 1510 779 1550 fieri
809 1523 893 1550 non
922 1522 1056 1564 posse.

155 1590 287 1631 Porro
334 1589 461 1630 etiam
500 1589 534 1629 si
579 1602 663 1629 non
708 1587 929 1628 interirent
980 1586 1110 1639 „nihil
1140 1591 1283 1627 tamen
1313 1586 1501 1627 coeundo
1533 1586 1718 1626 facerent

98 1672 264 1724 praeter
294 1667 470 1721 vulgum
502 1666 752 1721 turbamque
783 1665 1073 1718 animantum3
1106 1665 1290 1717 scilicet,
1321 1674 1368 1704 ut
1398 1669 1615 1720 nequeunt
1645 1663 1718 1704 ho-

96 1745 231 1785 mines
277 1752 467 1785 armenta
511 1742 712 1797 feraeque
756 1742 868 1782 inter
908 1755 998 1782 sese
1038 1741 1167 1781 ullam
1197 1754 1287 1781 rem
1317 1741 1491 1795 gignere
1523 1740 1717 1781 conveni-

98 1821 251 1863 undo''.
314 1822 414 1874 (920
445 1822 577 1876 seqq.)
640 1820 705 1861 Re
736 1833 837 1860 vera
868 1820 902 1860 si
932 1819 1087 1860 animal
1118 1819 1327 1875 quoddam
1359 1820 1631 1874 compositum
1655 1822 1717 1859 est

98 1913 154 1941 ex
199 1899 352 1940 diversi
398 1899 564 1953 generis
610 1899 787 1951 atomis,
819 1912 995 1953 quarum
1027 1911 1101 1938 suo
1134 1911 1325 1952 quaeque
1358 1897 1497 1938 animo
1527 1896 1719 1952 praedita

99 1981 189 2030 est,
226 1990 311 2017 11011
340 1976 532 2017 videmus
564 1975 770 2030 quomodo
804 1989 826 2016 e
857 1980 942 2016 tam
973 1975 1090 2016 varia
1121 1975 1390 2016 multitudine
1421 1989 1529 2016 unus
1561 1975 1717 2016 anima-

97 2055 149 2096 lis
179 2054 343 2095 animus
374 2054 577 2095 exsistere
608 2053 751 2108 possit.
784 2053 894 2094 Nam
925 2064 1037 2094 recte
1071 2053 1170 2094 dicit
1196 2058 1342 2108 poeta:
1381 2053 1439 2105 „si
1460 2052 1566 2093 forte
1588 2053 1716 2094 atomi

99 2147 221 2173 suum
251 2132 511 2173 dimitterent
542 2131 755 2184 animum,
805 2131 1015 2186 aliumque
1046 2131 1310 2186 acciperent,
1353 2131 1452 2187 quid
1492 2136 1582 2172 tum
1614 2145 1717 2186 opus

99 2210 178 2250 fuit
208 2209 382 2250 attribui
401 2209 468 2262 id,
500 2208 611 2264 quod
642 2208 904 2249 detrahitur”
924 2210 942 2249 :2
1003 2208 1087 2250 Sed
1118 2209 1218 2264 quid
1239 2209 1419 2264 amplius
1443 2223 1546 2264 opus
1569 2216 1631 2250 est
1652 2223 1716 2250 ar-

100 2287 313 2342 gumentis
353 2287 591 2328 exclamare
628 2286 796 2327 videtur
827 2291 979 2341 poeta,
1027 2301 1122 2327 cum
1153 2287 1369 2341 generatio
1403 2291 1633 2342 spontanea
1663 2287 1717 2327 sit

99 2365 256 2406 factum
297 2369 485 2417 certum,
532 2364 643 2419 quod
685 2364 770 2404 suis
815 2364 991 2419 quisque
1039 2364 1169 2404 oculis
1207 2364 1540 2405 animadvertere
1572 2364 1714 2419 possit.

99 2456 160 2483 vs.
208 2443 303 2483 930.
364 2441 580 2490 Quomodo
625 2446 768 2483 autem
812 2441 892 2483 hoc
930 2441 1087 2482 factum
1118 2442 1322 2496 explicari
1352 2442 1510 2497 possit,
1552 2441 1716 2482 etiamsi

100 2519 366 2560 concedimus
409 2533 558 2560 revera
603 2533 693 2560 esse
732 2519 917 2572 factum,
975 2519 1026 2560 ab
1068 2519 1288 2575 Epicureis
1338 2533 1422 2560 non
1470 2519 1714 2575 inquiritur,

102 2597 252 2653 quibus
282 2596 458 2652 physica
487 2597 612 2652 paulo
643 2597 738 2652 plus
769 2601 833 2638 est
864 2611 990 2653 quam
1019 2597 1173 2638 ancilla
1203 2596 1375 2638 ethices.
1421 2596 1579 2645 Quodsi
1600 2610 1716 2651 mag-

100 2689 202 2716 num
231 2674 504 2715 intervallum
534 2688 784 2729 cognoscere
814 2674 890 2728 vis,
924 2688 1004 2730 quo
1034 2675 1079 2715 in
1111 2674 1315 2715 eiusmodi
1342 2674 1467 2715 rebus
1488 2673 1716 2715 tractandis

101 2752 301 2808 Epicurei
335 2752 489 2793 distant
552 2752 604 2793 ab
646 2752 904 2806 Aristotele,
951 2753 1138 2794 conferas
1168 2752 1294 2793 huius
1324 2752 1450 2793 libros
1481 2755 1571 2806 περὶ
1606 2754 1716 2805 γενέ-

103 2849 208 2879 σεως
249 2833 312 2872 καὶ
345 2832 510 2885 φθορᾶς
540 2842 635 2870 011111
665 2829 826 2871 ratione
858 2835 899 2871 et
929 2830 1023 2883 via,
1063 2844 1164 2885 quas
1195 2829 1420 2871 Lucretius
1449 2829 1494 2869 in
1525 2828 1717 2884 exposita

104 2907 291 2949 doctrina
321 2911 489 2948 secutus
521 2910 596 2947 est.

163 2985 214 3025 In
236 2985 306 3038 iis,
338 2997 444 3039 quae
462 2983 515 3025 ad
531 2997 606 3024 nos
622 2989 926 3039 pervenerunt,
956 2984 1129 3039 Epicuri
1149 2983 1394 3038 fragmentis
1420 2983 1526 3023 nihil
1547 2997 1716 3038 prorsus

1467 3060 1516 3100 4*
