<?xml version="1.0" encoding="UTF-8"?>
<!DOCTYPE html PUBLIC "-//W3C//DTD XHTML 1.0 Transitional//EN"
    "http://www.w3.org/TR/xhtml1/DTD/xhtml1-transitional.dtd">
<html xmlns="http://www.w3.org/1999/xhtml" xml:lang="en" lang="en">
 <head>
  <title>
</title>
<meta http-equiv="Content-Type" content="text/html;charset=utf-8" />
  <meta name='ocr-system' content='tesseract 3.04.00' />
  <meta name='ocr-capabilities' content='ocr_page ocr_carea ocr_par ocr_line ocrx_word'/>
</head>
<body>
  <div class='ocr_page' id='page_1' title='image "./lucretiiphilosop00woltuoft_0094.png"; bbox 0 0 1894 3235; ppageno 0'>
   <div class='ocr_carea' id='block_1_1' title="bbox 491 543 1456 614">
    <p class='ocr_par' dir='ltr' id='par_1_1' title="bbox 491 543 1456 614">
     <span class='ocr_line' id='line_1_1' title="bbox 491 543 1456 614; baseline 0.002 -12"><span class='ocrx_word' id='word_1_1' title='bbox 491 543 848 603; x_wconf 88' lang='lat' dir='ltr'><strong>CAPUT</strong></span> <span class='ocrx_word' id='word_1_2' title='bbox 907 543 1456 614; x_wconf 83' lang='lat' dir='ltr'><strong>QUARTUM.</strong></span> 
     </span>
    </p>
   </div>
   <div class='ocr_carea' id='block_1_2' title="bbox 692 904 1265 944">
    <p class='ocr_par' dir='ltr' id='par_1_2' title="bbox 692 904 1265 944">
     <span class='ocr_line' id='line_1_2' title="bbox 692 904 1265 944; baseline 0.002 -1"><span class='ocrx_word' id='word_1_3' title='bbox 692 905 772 943; x_wconf 79' lang='lat' dir='ltr'>DE</span> <span class='ocrx_word' id='word_1_4' title='bbox 812 904 1265 944; x_wconf 72' lang='lat' dir='ltr'>SlMULACRlS.</span> 
     </span>
    </p>
   </div>
   <div class='ocr_carea' id='block_1_3' title="bbox 802 1041 1169 1095">
    <p class='ocr_par' dir='ltr' id='par_1_3' title="bbox 802 1041 1169 1095">
     <span class='ocr_line' id='line_1_3' title="bbox 802 1041 1169 1095; baseline 0 -13"><span class='ocrx_word' id='word_1_5' title='bbox 802 1041 941 1093; x_wconf 87' lang='lat' dir='ltr'>(Luer.</span> <span class='ocrx_word' id='word_1_6' title='bbox 973 1041 1044 1082; x_wconf 88' lang='lat' dir='ltr'>lib.</span> <span class='ocrx_word' id='word_1_7' title='bbox 1076 1041 1169 1095; x_wconf 87' lang='lat' dir='ltr'><strong>IV).</strong></span> 
     </span>
    </p>
   </div>
   <div class='ocr_carea' id='block_1_4' title="bbox 165 1169 1791 2630">
    <p class='ocr_par' dir='ltr' id='par_1_4' title="bbox 165 1169 1791 2630">
     <span class='ocr_line' id='line_1_4' title="bbox 223 1169 1785 1227; baseline 0.002 -17"><span class='ocrx_word' id='word_1_8' title='bbox 223 1169 458 1210; x_wconf 89' lang='lat' dir='ltr'>Inferorum</span> <span class='ocrx_word' id='word_1_9' title='bbox 502 1170 575 1210; x_wconf 78' lang='lat' dir='ltr'>illa</span> <span class='ocrx_word' id='word_1_10' title='bbox 619 1170 823 1223; x_wconf 88' lang='lat' dir='ltr'>formido,</span> <span class='ocrx_word' id='word_1_11' title='bbox 872 1185 996 1226; x_wconf 88' lang='lat' dir='ltr'>quam</span> <span class='ocrx_word' id='word_1_12' title='bbox 1042 1170 1241 1225; x_wconf 82' lang='lat' dir='ltr'>Epicurei</span> <span class='ocrx_word' id='word_1_13' title='bbox 1289 1170 1494 1225; x_wconf 82' lang='lat' dir='ltr'><strong>imprimis</strong></span> <span class='ocrx_word' id='word_1_14' title='bbox 1541 1185 1785 1227; x_wconf 79' lang='lat' dir='ltr'>oppugnare</span> 
     </span>
     <span class='ocr_line' id='line_1_5' title="bbox 167 1247 1790 1303; baseline 0.002 -15"><span class='ocrx_word' id='word_1_15' title='bbox 167 1251 209 1288; x_wconf 87' lang='lat' dir='ltr'>et</span> <span class='ocrx_word' id='word_1_16' title='bbox 241 1248 455 1302; x_wconf 77' lang='lat' dir='ltr'>expellere</span> <span class='ocrx_word' id='word_1_17' title='bbox 503 1262 557 1289; x_wconf 79' lang='lat' dir='ltr'>ex</span> <span class='ocrx_word' id='word_1_18' title='bbox 602 1247 820 1289; x_wconf 86' lang='lat' dir='ltr'>hominum</span> <span class='ocrx_word' id='word_1_19' title='bbox 863 1248 1012 1288; x_wconf 83' lang='lat' dir='ltr'>animis</span> <span class='ocrx_word' id='word_1_20' title='bbox 1049 1248 1301 1301; x_wconf 73' lang='lat' dir='ltr'>studebant,</span> <span class='ocrx_word' id='word_1_21' title='bbox 1349 1249 1465 1303; x_wconf 82' lang='lat' dir='ltr'>vulgi</span> <span class='ocrx_word' id='word_1_22' title='bbox 1499 1254 1539 1290; x_wconf 89' lang='lat' dir='ltr'>et</span> <span class='ocrx_word' id='word_1_23' title='bbox 1571 1250 1790 1291; x_wconf 88' lang='lat' dir='ltr'>nonnullo-</span> 
     </span>
     <span class='ocr_line' id='line_1_6' title="bbox 166 1325 1791 1382; baseline 0.001 -16"><span class='ocrx_word' id='word_1_24' title='bbox 166 1340 259 1366; x_wconf 89' lang='lat' dir='ltr'>rum</span> <span class='ocrx_word' id='word_1_25' title='bbox 304 1325 651 1381; x_wconf 90' lang='lat' dir='ltr'>philosophorum</span> <span class='ocrx_word' id='word_1_26' title='bbox 694 1326 960 1381; x_wconf 83' lang='lat' dir='ltr'>opinionibus</span> <span class='ocrx_word' id='word_1_27' title='bbox 993 1327 1138 1380; x_wconf 83' lang='lat' dir='ltr'>augeri</span> <span class='ocrx_word' id='word_1_28' title='bbox 1169 1326 1415 1377; x_wconf 80' lang='lat' dir='ltr'>videbatur,</span> <span class='ocrx_word' id='word_1_29' title='bbox 1463 1327 1532 1382; x_wconf 93' lang='lat' dir='ltr'>qui</span> <span class='ocrx_word' id='word_1_30' title='bbox 1565 1327 1791 1368; x_wconf 86' lang='lat' dir='ltr'>eredebant</span> 
     </span>
     <span class='ocr_line' id='line_1_7' title="bbox 165 1403 1790 1461; baseline 0.002 -17"><span class='ocrx_word' id='word_1_31' title='bbox 165 1403 384 1445; x_wconf 90' lang='lat' dir='ltr'>hominum</span> <span class='ocrx_word' id='word_1_32' title='bbox 417 1405 577 1445; x_wconf 87' lang='lat' dir='ltr'>animos</span> <span class='ocrx_word' id='word_1_33' title='bbox 609 1409 706 1445; x_wconf 88' lang='lat' dir='ltr'>ante</span> <span class='ocrx_word' id='word_1_34' title='bbox 739 1405 868 1446; x_wconf 82' lang='lat' dir='ltr'>vitani</span> <span class='ocrx_word' id='word_1_35' title='bbox 901 1410 941 1446; x_wconf 90' lang='lat' dir='ltr'>et</span> <span class='ocrx_word' id='word_1_36' title='bbox 972 1411 1066 1460; x_wconf 90' lang='lat' dir='ltr'>post</span> <span class='ocrx_word' id='word_1_37' title='bbox 1097 1409 1302 1458; x_wconf 89' lang='lat' dir='ltr'>mortem,</span> <span class='ocrx_word' id='word_1_38' title='bbox 1335 1420 1360 1446; x_wconf 89' lang='lat' dir='ltr'>a</span> <span class='ocrx_word' id='word_1_39' title='bbox 1387 1420 1557 1461; x_wconf 84' lang='lat' dir='ltr'>corpore</span> <span class='ocrx_word' id='word_1_40' title='bbox 1581 1406 1790 1448; x_wconf 82' lang='lat' dir='ltr'>seiunctos</span> 
     </span>
     <span class='ocr_line' id='line_1_8' title="bbox 168 1480 1790 1539; baseline 0.002 -18"><span class='ocrx_word' id='word_1_41' title='bbox 168 1480 353 1522; x_wconf 86' lang='lat' dir='ltr'>humana</span> <span class='ocrx_word' id='word_1_42' title='bbox 399 1481 538 1537; x_wconf 90' lang='lat' dir='ltr'>speeie</span> <span class='ocrx_word' id='word_1_43' title='bbox 586 1481 782 1534; x_wconf 86' lang='lat' dir='ltr'>indutos,</span> <span class='ocrx_word' id='word_1_44' title='bbox 828 1496 902 1537; x_wconf 90' lang='lat' dir='ltr'>per</span> <span class='ocrx_word' id='word_1_45' title='bbox 949 1486 1103 1523; x_wconf 85' lang='lat' dir='ltr'>terram</span> <span class='ocrx_word' id='word_1_46' title='bbox 1149 1488 1191 1523; x_wconf 89' lang='lat' dir='ltr'>et</span> <span class='ocrx_word' id='word_1_47' title='bbox 1237 1483 1398 1524; x_wconf 83' lang='lat' dir='ltr'>eoelum</span> <span class='ocrx_word' id='word_1_48' title='bbox 1438 1483 1610 1537; x_wconf 87' lang='lat' dir='ltr'>vagari,</span> <span class='ocrx_word' id='word_1_49' title='bbox 1664 1488 1790 1539; x_wconf 84' lang='lat' dir='ltr'>atque</span> 
     </span>
     <span class='ocr_line' id='line_1_9' title="bbox 173 1558 1791 1616; baseline 0.002 -17"><span class='ocrx_word' id='word_1_50' title='bbox 173 1558 424 1600; x_wconf 86' lang='lat' dir='ltr'>daemonum</span> <span class='ocrx_word' id='word_1_51' title='bbox 457 1559 588 1600; x_wconf 87' lang='lat' dir='ltr'>instar</span> <span class='ocrx_word' id='word_1_52' title='bbox 618 1559 839 1600; x_wconf 82' lang='lat' dir='ltr'>horribiles</span> <span class='ocrx_word' id='word_1_53' title='bbox 871 1565 1042 1615; x_wconf 83' lang='lat' dir='ltr'>aspectu</span> <span class='ocrx_word' id='word_1_54' title='bbox 1074 1561 1247 1601; x_wconf 87' lang='lat' dir='ltr'>miseros</span> <span class='ocrx_word' id='word_1_55' title='bbox 1279 1561 1476 1602; x_wconf 79' lang='lat' dir='ltr'>mortales</span> <span class='ocrx_word' id='word_1_56' title='bbox 1498 1561 1662 1616; x_wconf 88' lang='lat' dir='ltr'>insequi</span> <span class='ocrx_word' id='word_1_57' title='bbox 1685 1565 1727 1602; x_wconf 90' lang='lat' dir='ltr'>et</span> <span class='ocrx_word' id='word_1_58' title='bbox 1748 1562 1791 1602; x_wconf 90' lang='lat' dir='ltr'>in</span> 
     </span>
     <span class='ocr_line' id='line_1_10' title="bbox 169 1637 1790 1694; baseline 0.002 -17"><span class='ocrx_word' id='word_1_59' title='bbox 169 1637 342 1678; x_wconf 59' lang='lat' dir='ltr'>&#39;somniis</span> <span class='ocrx_word' id='word_1_60' title='bbox 389 1651 464 1692; x_wconf 88' lang='lat' dir='ltr'>per</span> <span class='ocrx_word' id='word_1_61' title='bbox 503 1637 694 1679; x_wconf 81' lang='lat' dir='ltr'>horridas</span> <span class='ocrx_word' id='word_1_62' title='bbox 724 1644 867 1679; x_wconf 79' lang='lat' dir='ltr'>noctes</span> <span class='ocrx_word' id='word_1_63' title='bbox 898 1638 1131 1679; x_wconf 81' lang='lat' dir='ltr'>viventium</span> <span class='ocrx_word' id='word_1_64' title='bbox 1163 1639 1323 1679; x_wconf 85' lang='lat' dir='ltr'>animos</span> <span class='ocrx_word' id='word_1_65' title='bbox 1355 1643 1603 1694; x_wconf 85' lang='lat' dir='ltr'>perterrere.</span> <span class='ocrx_word' id='word_1_66' title='bbox 1666 1638 1790 1680; x_wconf 80' lang='lat' dir='ltr'>Hanc</span> 
     </span>
     <span class='ocr_line' id='line_1_11' title="bbox 169 1714 1788 1771; baseline 0.001 -15"><span class='ocrx_word' id='word_1_67' title='bbox 169 1714 419 1756; x_wconf 84' lang='lat' dir='ltr'>daemonum</span> <span class='ocrx_word' id='word_1_68' title='bbox 465 1716 648 1771; x_wconf 86' lang='lat' dir='ltr'>speeiem</span> <span class='ocrx_word' id='word_1_69' title='bbox 695 1730 789 1757; x_wconf 86' lang='lat' dir='ltr'>eum</span> <span class='ocrx_word' id='word_1_70' title='bbox 836 1716 1114 1771; x_wconf 83' lang='lat' dir='ltr'>Empedoeles</span> <span class='ocrx_word' id='word_1_71' title='bbox 1161 1722 1203 1758; x_wconf 92' lang='lat' dir='ltr'>et</span> <span class='ocrx_word' id='word_1_72' title='bbox 1233 1717 1356 1757; x_wconf 84' lang='lat' dir='ltr'>Plato</span> <span class='ocrx_word' id='word_1_73' title='bbox 1398 1721 1486 1758; x_wconf 88' lang='lat' dir='ltr'>tum</span> <span class='ocrx_word' id='word_1_74' title='bbox 1525 1717 1788 1758; x_wconf 85' lang='lat' dir='ltr'>Xenocrates</span> 
     </span>
     <span class='ocr_line' id='line_1_12' title="bbox 167 1792 1789 1850; baseline 0.002 -17"><span class='ocrx_word' id='word_1_75' title='bbox 167 1792 386 1834; x_wconf 89' lang='lat' dir='ltr'>hominum</span> <span class='ocrx_word' id='word_1_76' title='bbox 433 1793 583 1834; x_wconf 85' lang='lat' dir='ltr'>animis</span> <span class='ocrx_word' id='word_1_77' title='bbox 624 1794 819 1834; x_wconf 84' lang='lat' dir='ltr'>tribuisse</span> <span class='ocrx_word' id='word_1_78' title='bbox 856 1794 1064 1834; x_wconf 82' lang='lat' dir='ltr'>videntur.</span> <span class='ocrx_word' id='word_1_79' title='bbox 1126 1794 1224 1835; x_wconf 77' lang='lat' dir='ltr'>Huc</span> <span class='ocrx_word' id='word_1_80' title='bbox 1256 1808 1420 1850; x_wconf 87' lang='lat' dir='ltr'>quoque</span> <span class='ocrx_word' id='word_1_81' title='bbox 1452 1795 1660 1836; x_wconf 88' lang='lat' dir='ltr'>referendi</span> <span class='ocrx_word' id='word_1_82' title='bbox 1693 1800 1789 1836; x_wconf 85' lang='lat' dir='ltr'>sunt</span> 
     </span>
     <span class='ocr_line' id='line_1_13' title="bbox 171 1871 1791 1929; baseline 0.002 -17"><span class='ocrx_word' id='word_1_83' title='bbox 171 1871 359 1912; x_wconf 78' lang='lat' dir='ltr'>Lucretii</span> <span class='ocrx_word' id='word_1_84' title='bbox 401 1886 546 1912; x_wconf 81' lang='lat' dir='ltr'>versus</span> <span class='ocrx_word' id='word_1_85' title='bbox 570 1872 623 1926; x_wconf 92' lang='lat'>¹):</span> <span class='ocrx_word' id='word_1_86' title='bbox 687 1886 788 1925; x_wconf 84' lang='lat' dir='ltr'>„nee</span> <span class='ocrx_word' id='word_1_87' title='bbox 819 1872 980 1913; x_wconf 85' lang='lat' dir='ltr'>ratione</span> <span class='ocrx_word' id='word_1_88' title='bbox 1013 1873 1095 1914; x_wconf 87' lang='lat' dir='ltr'>alia</span> <span class='ocrx_word' id='word_1_89' title='bbox 1126 1874 1264 1928; x_wconf 87' lang='lat' dir='ltr'>(quam</span> <span class='ocrx_word' id='word_1_90' title='bbox 1295 1872 1478 1914; x_wconf 86' lang='lat' dir='ltr'>humana</span> <span class='ocrx_word' id='word_1_91' title='bbox 1509 1873 1666 1929; x_wconf 86' lang='lat' dir='ltr'>speeie)</span> <span class='ocrx_word' id='word_1_92' title='bbox 1698 1888 1791 1915; x_wconf 89' lang='lat' dir='ltr'>nos-</span> 
     </span>
     <span class='ocr_line' id='line_1_14' title="bbox 167 1951 1788 2006; baseline 0.001 -15"><span class='ocrx_word' id='word_1_93' title='bbox 167 1955 254 1991; x_wconf 90' lang='lat' dir='ltr'>met</span> <span class='ocrx_word' id='word_1_94' title='bbox 285 1964 518 2006; x_wconf 85' lang='lat' dir='ltr'>proponere</span> <span class='ocrx_word' id='word_1_95' title='bbox 542 1951 662 1991; x_wconf 91' lang='lat' dir='ltr'>nobis</span> <span class='ocrx_word' id='word_1_96' title='bbox 694 1965 914 2006; x_wconf 86' lang='lat' dir='ltr'>possumus</span> <span class='ocrx_word' id='word_1_97' title='bbox 946 1951 1130 1992; x_wconf 83' lang='lat' dir='ltr'>infernas</span> <span class='ocrx_word' id='word_1_98' title='bbox 1161 1951 1322 1993; x_wconf 82' lang='lat' dir='ltr'>animas</span> <span class='ocrx_word' id='word_1_99' title='bbox 1352 1951 1598 1993; x_wconf 75' lang='lat' dir='ltr'>Acherunte</span> <span class='ocrx_word' id='word_1_100' title='bbox 1620 1951 1788 2006; x_wconf 85' lang='lat' dir='ltr'>vagari,</span> 
     </span>
     <span class='ocr_line' id='line_1_15' title="bbox 168 2028 1790 2084; baseline 0.001 -16"><span class='ocrx_word' id='word_1_101' title='bbox 168 2028 350 2083; x_wconf 81' lang='lat' dir='ltr'>pictores</span> <span class='ocrx_word' id='word_1_102' title='bbox 390 2028 532 2083; x_wconf 84' lang='lat' dir='ltr'>itaque</span> <span class='ocrx_word' id='word_1_103' title='bbox 575 2032 616 2069; x_wconf 91' lang='lat' dir='ltr'>et</span> <span class='ocrx_word' id='word_1_104' title='bbox 649 2028 897 2083; x_wconf 76' lang='lat' dir='ltr'>scriptorum</span> <span class='ocrx_word' id='word_1_105' title='bbox 930 2029 1066 2069; x_wconf 76' lang='lat' dir='ltr'>saecla</span> <span class='ocrx_word' id='word_1_106' title='bbox 1097 2029 1236 2084; x_wconf 84' lang='lat' dir='ltr'>priora</span> <span class='ocrx_word' id='word_1_107' title='bbox 1267 2028 1324 2069; x_wconf 86' lang='lat' dir='ltr'>sie</span> <span class='ocrx_word' id='word_1_108' title='bbox 1356 2029 1516 2069; x_wconf 85' lang='lat' dir='ltr'>animas</span> <span class='ocrx_word' id='word_1_109' title='bbox 1546 2028 1790 2070; x_wconf 79' lang='lat' dir='ltr'>introduxe-</span> 
     </span>
     <span class='ocr_line' id='line_1_16' title="bbox 168 2106 1787 2161; baseline 0.001 -15"><span class='ocrx_word' id='word_1_110' title='bbox 168 2110 265 2146; x_wconf 87' lang='lat' dir='ltr'>runt</span> <span class='ocrx_word' id='word_1_111' title='bbox 298 2106 487 2146; x_wconf 89' lang='lat' dir='ltr'>sensibus</span> <span class='ocrx_word' id='word_1_112' title='bbox 519 2106 704 2147; x_wconf 78' lang='lat' dir='ltr'>auctas.’&#39;</span> <span class='ocrx_word' id='word_1_113' title='bbox 738 2106 858 2147; x_wconf 79' lang='lat' dir='ltr'>Haec</span> <span class='ocrx_word' id='word_1_114' title='bbox 890 2110 1031 2147; x_wconf 84' lang='lat' dir='ltr'>autem</span> <span class='ocrx_word' id='word_1_115' title='bbox 1063 2107 1304 2161; x_wconf 87' lang='lat' dir='ltr'>superstitio</span> <span class='ocrx_word' id='word_1_116' title='bbox 1326 2111 1424 2147; x_wconf 72' lang='lat' dir='ltr'>nata</span> <span class='ocrx_word' id='word_1_117' title='bbox 1455 2120 1544 2147; x_wconf 89' lang='lat' dir='ltr'>esse</span> <span class='ocrx_word' id='word_1_118' title='bbox 1576 2106 1743 2147; x_wconf 88' lang='lat' dir='ltr'>videtur</span> <span class='ocrx_word' id='word_1_119' title='bbox 1765 2120 1787 2148; x_wconf 91' lang='lat' dir='ltr'>e</span> 
     </span>
     <span class='ocr_line' id='line_1_17' title="bbox 168 2183 1788 2240; baseline 0.001 -16"><span class='ocrx_word' id='word_1_120' title='bbox 168 2184 343 2239; x_wconf 81' lang='lat' dir='ltr'>spectris</span> <span class='ocrx_word' id='word_1_121' title='bbox 390 2183 658 2225; x_wconf 79' lang='lat' dir='ltr'>delirantium</span> <span class='ocrx_word' id='word_1_122' title='bbox 705 2185 865 2226; x_wconf 88' lang='lat' dir='ltr'>animos</span> <span class='ocrx_word' id='word_1_123' title='bbox 896 2185 1174 2238; x_wconf 79' lang='lat' dir='ltr'>vexantibus,</span> <span class='ocrx_word' id='word_1_124' title='bbox 1218 2189 1259 2225; x_wconf 84' lang='lat' dir='ltr'>et</span> <span class='ocrx_word' id='word_1_125' title='bbox 1292 2198 1346 2225; x_wconf 80' lang='lat' dir='ltr'>ex</span> <span class='ocrx_word' id='word_1_126' title='bbox 1378 2185 1428 2225; x_wconf 88' lang='lat' dir='ltr'>iis</span> <span class='ocrx_word' id='word_1_127' title='bbox 1459 2198 1565 2240; x_wconf 90' lang='lat' dir='ltr'>quae</span> <span class='ocrx_word' id='word_1_128' title='bbox 1597 2184 1788 2226; x_wconf 82' lang='lat' dir='ltr'>videmus</span> 
     </span>
     <span class='ocr_line' id='line_1_18' title="bbox 167 2260 1788 2319; baseline 0.002 -18"><span class='ocrx_word' id='word_1_129' title='bbox 167 2260 210 2301; x_wconf 92' lang='lat' dir='ltr'>in</span> <span class='ocrx_word' id='word_1_130' title='bbox 257 2262 440 2315; x_wconf 83' lang='lat' dir='ltr'>somnis,</span> <span class='ocrx_word' id='word_1_131' title='bbox 487 2277 581 2303; x_wconf 89' lang='grc'><strong>011111</strong></span> <span class='ocrx_word' id='word_1_132' title='bbox 628 2276 752 2318; x_wconf 90' lang='lat' dir='ltr'>saepe</span> <span class='ocrx_word' id='word_1_133' title='bbox 804 2263 983 2317; x_wconf 84' lang='lat' dir='ltr'>„figuras</span> <span class='ocrx_word' id='word_1_134' title='bbox 1029 2263 1267 2304; x_wconf 80' lang='lat' dir='ltr'>contuimur</span> <span class='ocrx_word' id='word_1_135' title='bbox 1311 2262 1437 2303; x_wconf 85' lang='lat' dir='ltr'>miras</span> <span class='ocrx_word' id='word_1_136' title='bbox 1485 2263 1788 2319; x_wconf 82' lang='lat' dir='ltr'>simulacraque</span> 
     </span>
     <span class='ocr_line' id='line_1_19' title="bbox 167 2338 1789 2396; baseline 0.002 -17"><span class='ocrx_word' id='word_1_137' title='bbox 167 2338 261 2379; x_wconf 84' lang='lat' dir='ltr'>luce</span> <span class='ocrx_word' id='word_1_138' title='bbox 294 2345 537 2392; x_wconf 84' lang='lat' dir='ltr'>carentum,</span> <span class='ocrx_word' id='word_1_139' title='bbox 572 2354 678 2396; x_wconf 88' lang='lat' dir='ltr'>quae</span> <span class='ocrx_word' id='word_1_140' title='bbox 710 2355 785 2382; x_wconf 87' lang='lat' dir='ltr'>nos</span> <span class='ocrx_word' id='word_1_141' title='bbox 816 2340 1007 2381; x_wconf 82' lang='lat' dir='ltr'>horrifice</span> <span class='ocrx_word' id='word_1_142' title='bbox 1039 2340 1278 2394; x_wconf 83' lang='lat' dir='ltr'>languentis</span> <span class='ocrx_word' id='word_1_143' title='bbox 1310 2354 1433 2395; x_wconf 86' lang='lat' dir='ltr'>saepe</span> <span class='ocrx_word' id='word_1_144' title='bbox 1472 2354 1618 2395; x_wconf 86' lang='lat' dir='ltr'>sopore</span> <span class='ocrx_word' id='word_1_145' title='bbox 1651 2340 1789 2382; x_wconf 78' lang='lat' dir='ltr'>excie-</span> 
     </span>
     <span class='ocr_line' id='line_1_20' title="bbox 168 2415 1789 2474; baseline 0.002 -18"><span class='ocrx_word' id='word_1_146' title='bbox 168 2417 293 2457; x_wconf 88' lang='lat' dir='ltr'>runt’&#39;</span> <span class='ocrx_word' id='word_1_147' title='bbox 312 2415 354 2470; x_wconf 84' lang='lat'>2).</span> <span class='ocrx_word' id='word_1_148' title='bbox 415 2416 535 2459; x_wconf 83' lang='lat' dir='ltr'>Haeo</span> <span class='ocrx_word' id='word_1_149' title='bbox 567 2423 752 2473; x_wconf 82' lang='lat' dir='ltr'>spectra,</span> <span class='ocrx_word' id='word_1_150' title='bbox 785 2432 891 2474; x_wconf 84' lang='lat' dir='ltr'>quae</span> <span class='ocrx_word' id='word_1_151' title='bbox 933 2418 1084 2472; x_wconf 83' lang='lat' dir='ltr'>vulgus</span> <span class='ocrx_word' id='word_1_152' title='bbox 1115 2431 1259 2459; x_wconf 84' lang='lat' dir='ltr'>manes</span> <span class='ocrx_word' id='word_1_153' title='bbox 1291 2423 1548 2459; x_wconf 84' lang='lat' dir='ltr'>mortuorum</span> <span class='ocrx_word' id='word_1_154' title='bbox 1581 2432 1671 2460; x_wconf 89' lang='lat' dir='ltr'>esse</span> <span class='ocrx_word' id='word_1_155' title='bbox 1703 2432 1789 2460; x_wconf 84' lang='lat' dir='ltr'>ere-</span> 
     </span>
     <span class='ocr_line' id='line_1_21' title="bbox 170 2493 1789 2551; baseline 0.002 -17"><span class='ocrx_word' id='word_1_156' title='bbox 170 2493 322 2547; x_wconf 84' lang='lat' dir='ltr'>debat,</span> <span class='ocrx_word' id='word_1_157' title='bbox 369 2494 567 2550; x_wconf 78' lang='lat' dir='ltr'>Epicurei</span> <span class='ocrx_word' id='word_1_158' title='bbox 614 2500 660 2536; x_wconf 78' lang='lat' dir='ltr'>ut</span> <span class='ocrx_word' id='word_1_159' title='bbox 691 2500 851 2537; x_wconf 87' lang='lat' dir='ltr'>metum</span> <span class='ocrx_word' id='word_1_160' title='bbox 883 2500 925 2537; x_wconf 83' lang='lat' dir='ltr'>et</span> <span class='ocrx_word' id='word_1_161' title='bbox 955 2509 1181 2550; x_wconf 82' lang='lat' dir='ltr'>angorem,</span> <span class='ocrx_word' id='word_1_162' title='bbox 1230 2495 1380 2551; x_wconf 89' lang='lat' dir='ltr'>quibus</span> <span class='ocrx_word' id='word_1_163' title='bbox 1411 2495 1601 2537; x_wconf 87' lang='lat' dir='ltr'>homines</span> <span class='ocrx_word' id='word_1_164' title='bbox 1633 2496 1789 2537; x_wconf 83' lang='lat' dir='ltr'>erucia-</span> 
     </span>
     <span class='ocr_line' id='line_1_22' title="bbox 168 2571 1789 2630; baseline 0.002 -19"><span class='ocrx_word' id='word_1_165' title='bbox 168 2575 289 2624; x_wconf 80' lang='lat' dir='ltr'>rent,</span> <span class='ocrx_word' id='word_1_166' title='bbox 322 2571 373 2612; x_wconf 89' lang='lat' dir='ltr'>iis</span> <span class='ocrx_word' id='word_1_167' title='bbox 405 2573 643 2627; x_wconf 81' lang='lat' dir='ltr'>eriperent,</span> <span class='ocrx_word' id='word_1_168' title='bbox 678 2573 907 2614; x_wconf 87' lang='lat' dir='ltr'>seeundum</span> <span class='ocrx_word' id='word_1_169' title='bbox 940 2573 1153 2614; x_wconf 86' lang='lat' dir='ltr'>doetrinae</span> <span class='ocrx_word' id='word_1_170' title='bbox 1184 2573 1392 2629; x_wconf 81' lang='lat' dir='ltr'>principia</span> <span class='ocrx_word' id='word_1_171' title='bbox 1423 2574 1636 2630; x_wconf 80' lang='lat' dir='ltr'>explicare</span> <span class='ocrx_word' id='word_1_172' title='bbox 1668 2588 1789 2615; x_wconf 85' lang='lat' dir='ltr'>eona-</span> 
     </span>
    </p>
   </div>
   <div class='ocr_carea' id='block_1_5' title="bbox 167 2795 1790 2952">
    <p class='ocr_par' dir='ltr' id='par_1_5' title="bbox 167 2795 1790 2952">
     <span class='ocr_line' id='line_1_23' title="bbox 213 2795 1790 2838; baseline 0.001 -11"><span class='ocrx_word' id='word_1_173' title='bbox 213 2795 236 2833; x_wconf 89' lang='lat'>¹)</span> <span class='ocrx_word' id='word_1_174' title='bbox 283 2795 364 2835; x_wconf 91' lang='lat'>111,</span> <span class='ocrx_word' id='word_1_175' title='bbox 400 2796 473 2829; x_wconf 82' lang='lat'>627.</span> <span class='ocrx_word' id='word_1_176' title='bbox 521 2796 584 2828; x_wconf 87' lang='lat' dir='ltr'>Pro</span> <span class='ocrx_word' id='word_1_177' title='bbox 619 2797 756 2827; x_wconf 76' lang='lat' dir='ltr'>humana</span> <span class='ocrx_word' id='word_1_178' title='bbox 783 2799 878 2836; x_wconf 75' lang='lat' dir='ltr'>specie</span> <span class='ocrx_word' id='word_1_179' title='bbox 908 2800 1003 2838; x_wconf 82' lang='lat' dir='ltr'>poeta</span> <span class='ocrx_word' id='word_1_180' title='bbox 1039 2808 1149 2830; x_wconf 86' lang='lat' dir='ltr'>manes</span> <span class='ocrx_word' id='word_1_181' title='bbox 1182 2800 1316 2838; x_wconf 73' lang='lat' dir='ltr'>quinque</span> <span class='ocrx_word' id='word_1_182' title='bbox 1349 2798 1485 2828; x_wconf 70' lang='lat' dir='ltr'>sensibus</span> <span class='ocrx_word' id='word_1_183' title='bbox 1508 2796 1587 2829; x_wconf 80' lang='lat' dir='ltr'>dicit</span> <span class='ocrx_word' id='word_1_184' title='bbox 1608 2796 1790 2838; x_wconf 82' lang='lat' dir='ltr'>praeditos,</span> 
     </span>
     <span class='ocr_line' id='line_1_24' title="bbox 172 2859 1790 2901; baseline 0.002 -13"><span class='ocrx_word' id='word_1_185' title='bbox 172 2868 247 2889; x_wconf 88' lang='lat' dir='ltr'>cum</span> <span class='ocrx_word' id='word_1_186' title='bbox 278 2862 506 2899; x_wconf 82' lang='lat' dir='ltr'>argumentum</span> <span class='ocrx_word' id='word_1_187' title='bbox 529 2859 562 2890; x_wconf 86' lang='lat' dir='ltr'>id</span> <span class='ocrx_word' id='word_1_188' title='bbox 585 2862 707 2899; x_wconf 76' lang='lat' dir='ltr'>poscat.</span> <span class='ocrx_word' id='word_1_189' title='bbox 740 2859 930 2892; x_wconf 85' lang='lat' dir='ltr'>Tenendum</span> <span class='ocrx_word' id='word_1_190' title='bbox 954 2864 1003 2892; x_wconf 78' lang='lat' dir='ltr'>est</span> <span class='ocrx_word' id='word_1_191' title='bbox 1025 2871 1099 2892; x_wconf 90' lang='lat' dir='ltr'>eum</span> <span class='ocrx_word' id='word_1_192' title='bbox 1123 2871 1163 2892; x_wconf 82' lang='lat' dir='ltr'>ex</span> <span class='ocrx_word' id='word_1_193' title='bbox 1187 2860 1375 2892; x_wconf 82' lang='lat' dir='ltr'>condicione</span> <span class='ocrx_word' id='word_1_194' title='bbox 1397 2859 1502 2901; x_wconf 86' lang='lat' dir='ltr'>loqui:</span> <span class='ocrx_word' id='word_1_195' title='bbox 1527 2862 1578 2899; x_wconf 78' lang='lat' dir='ltr'>„si</span> <span class='ocrx_word' id='word_1_196' title='bbox 1598 2859 1790 2892; x_wconf 75' lang='lat' dir='ltr'>immortalis</span> 
     </span>
     <span class='ocr_line' id='line_1_25' title="bbox 167 2920 493 2952; baseline 0.003 -1"><span class='ocrx_word' id='word_1_197' title='bbox 167 2923 284 2951; x_wconf 80' lang='lat' dir='ltr'>natura</span> <span class='ocrx_word' id='word_1_198' title='bbox 308 2920 493 2952; x_wconf 79' lang='lat' dir='ltr'>animaist.”</span> 
     </span>
    </p>
   </div>
   <div class='ocr_carea' id='block_1_6' title="bbox 210 2982 892 3028">
    <p class='ocr_par' dir='ltr' id='par_1_6' title="bbox 210 2982 892 3028">
     <span class='ocr_line' id='line_1_26' title="bbox 210 2982 892 3028; baseline 0.006 -14"><span class='ocrx_word' id='word_1_199' title='bbox 210 2982 237 3024; x_wconf 77' lang='lat'>²)</span> <span class='ocrx_word' id='word_1_200' title='bbox 283 2984 380 3015; x_wconf 90' lang='lat' dir='ltr'>Lucr.</span> <span class='ocrx_word' id='word_1_201' title='bbox 406 2984 433 3016; x_wconf 89' lang='grc' dir='ltr'>Ι.</span> <span class='ocrx_word' id='word_1_202' title='bbox 462 2986 519 3016; x_wconf 85' lang='grc'><strong>132</strong></span> <span class='ocrx_word' id='word_1_203' title='bbox 545 2995 632 3026; x_wconf 80' lang='lat' dir='ltr'>seqq.</span> <span class='ocrx_word' id='word_1_204' title='bbox 658 2985 716 3017; x_wconf 85' lang='lat' dir='ltr'>IV.</span> <span class='ocrx_word' id='word_1_205' title='bbox 743 2988 781 3017; x_wconf 90' lang='lat'>33</span> <span class='ocrx_word' id='word_1_206' title='bbox 805 2996 892 3028; x_wconf 82' lang='lat' dir='ltr'>seqq.</span> 
     </span>
    </p>
   </div>
  </div>
 </body>
</html>
