1894 3235
478 650 835 711 CAPUT
891 650 1502 712 SECUNDUM.

593 1006 661 1043 DE
690 1004 867 1043 MUND!
899 1002 963 1041 ΕΧ
990 1001 1205 1041 ΑΤΟΜΙΞ
1238 1001 1407 1040 ΟΒΤυ.

826 1127 965 1179 (Luer.
996 1125 1067 1166 lib.
1099 1125 1172 1179 Π).

241 1257 543 1313 Explicaturus
583 1260 646 1297 est
676 1260 800 1311 poeta
831 1254 1038 1310 quomodo
1072 1254 1212 1295 omnia
1243 1267 1298 1294 ex
1329 1253 1478 1294 atomis
1508 1253 1618 1295 facta
1648 1253 1730 1294 sint
1762 1256 1805 1294 et

182 1336 226 1377 in
273 1350 342 1377 eas
387 1335 651 1376 resolvantur
673 1333 711 1383 ¹).
772 1333 975 1374 Materies
1020 1347 1104 1373 non
1150 1346 1224 1373 sua
1269 1332 1311 1372 vi
1344 1331 1568 1385 cohaeret;
1614 1331 1806 1372 videmus

183 1415 295 1456 enim
337 1427 511 1468 corpora
556 1417 745 1467 tempore
789 1411 975 1452 deminui
1010 1419 1051 1451 et
1082 1410 1310 1466 particulas
1342 1409 1576 1450 dimittere:
1625 1410 1685 1450 ita
1714 1423 1807 1465 per-

181 1497 309 1548 petuo
355 1495 547 1533 creseunt
593 1496 636 1531 et
668 1489 927 1530 decrescunt.
991 1489 1218 1529 Moventur
1249 1493 1391 1529 autem
1423 1488 1550 1528 atomi
1567 1488 1596 1540 2)
1629 1492 1701 1529 aut
1733 1501 1807 1528 sua

183 1570 391 1625 gravitate
423 1573 496 1611 aut
528 1569 614 1609 ictu
647 1568 913 1609 extrinsecus
944 1567 1061 1608 illato
1084 1567 1136 1619 ³),
1169 1580 1250 1622 quo
1282 1566 1328 1606 fit
1359 1573 1406 1606 ut
1438 1566 1550 1606 inter
1582 1579 1625 1606 se
1658 1579 1807 1607 eoncu-

182 1649 340 1689 tiantur
371 1652 413 1688 et
444 1661 587 1688 rursus
618 1646 824 1687 resultent
841 1648 886 1695 4).
949 1645 1008 1686 At
1039 1645 1237 1700 quoniam
1269 1658 1405 1700 neque
1428 1644 1561 1685 imum
1589 1648 1651 1685 est
1674 1644 1717 1684 in
1739 1658 1808 1685 va-

183 1741 260 1768 cuo
308 1739 386 1767 nee
432 1725 555 1777 finis,
603 1738 679 1779 per
720 1729 939 1765 aeternum
971 1728 1138 1778 tempus
1169 1722 1236 1763 hic
1267 1731 1405 1763 motus
1437 1722 1616 1763 durabit.
1678 1721 1807 1763 Hisce

181 1803 336 1845 ictibus
375 1817 499 1858 porro
540 1801 769 1843 nonnullae
802 1801 930 1841 atomi
963 1804 1170 1855 stipantur
1201 1800 1385 1840 minimis
1416 1799 1652 1840 intervallis
1682 1799 1810 1840 inter-

182 1882 350 1938 positis,
397 1881 506 1922 aliae
553 1879 809 1932 maioribus;
859 1878 1019 1934 priores
1052 1878 1150 1919 illae
1183 1879 1442 1919 constituunt
1474 1877 1597 1931 dura,
1629 1877 1709 1919 hae
1739 1892 1811 1919 au-

183 1965 270 2002 tem
313 1960 507 2001 molliora
555 1963 597 2000 et
643 1958 782 1999 minus
829 1957 975 2012 gravia
1013 1970 1186 2012 corpora
1205 1957 1246 2010 ⁵).
1309 1956 1537 1997 Praeterea
1566 1955 1700 1996 multa
1729 1956 1812 2011 pri-

184 2039 346 2080 mordia
390 2052 466 2093 per
495 2038 621 2078 inane
654 2040 860 2091 vagantur
892 2049 998 2090 quae
1031 2034 1217 2075 nondum
1249 2038 1345 2075 sunt
1377 2038 1658 2089 congregata:
1707 2033 1812 2075 haec

184 2121 398 2172 tamquam
444 2115 561 2156 cibus
608 2119 705 2155 sunt
751 2113 1007 2169 corporibus.
1103 2113 1269 2154 Horum
1315 2117 1454 2153 motus
1502 2117 1543 2153 et
1592 2111 1812 2152 tenuitatis

183 2194 412 2248 imaginem
458 2192 577 2233 nobis
608 2191 813 2247 praebent
845 2190 1114 2246 corpuscula,
1148 2203 1254 2245 quae
1286 2190 1328 2230 in
1361 2189 1458 2230 solis
1490 2188 1616 2230 radiis
1647 2188 1810 2229 moveri

231 2347 256 2389 ¹)
302 2347 345 2379 D.
371 2347 408 2378 L.
432 2345 484 2384 X,
519 2347 577 2383 42,
613 2346 655 2377 τὰ
687 2345 796 2384 ἄτομα
835 2347 903 2375 τῶν
927 2344 1089 2384 σωμάτων
1112 2345 1165 2375 καὶ
1191 2344 1314 2383 μεστά,
1349 2342 1382 2379 ἐξ
1418 2341 1465 2374 ὧν
1488 2343 1543 2374 καὶ
1566 2341 1599 2373 αἱ
1623 2342 1810 2384 συγκρίσεις

187 2413 342 2454 γίνονται
366 2412 420 2442 καὶ
445 2410 490 2447 εἰς
514 2412 535 2441 ἃ
559 2408 823 2441 διαλύονται...
838 2432 846 2440 .

230 2473 257 2515 ²)
304 2472 325 2503 l.
349 2472 371 2503 1.
400 2474 439 2504 43
469 2469 642 2504 κινοῦνταί
667 2482 701 2503 τε
725 2473 873 2511 συνεχῶς
897 2470 931 2500 αἱ
956 2470 1086 2510 ἄτομοι.

232 2537 255 2573 ³)
303 2535 392 2568 Stob.
417 2535 487 2567 Ecl.
514 2534 550 2573 I,
575 2536 657 2572 366,
675 2534 841 2566 κινεῖσθαι
873 2532 903 2564 δὲ
931 2531 1044 2573 (φησὶν
1068 2531 1084 2563 ὁ
1108 2534 1319 2572 Ἐπίκουρος)
1346 2533 1386 2563 τὰ
1409 2533 1496 2573 ἇτομ
1511 2545 1519 2561 ι
1547 2533 1619 2564 τοτὲ
1643 2531 1703 2571 μὲν
1726 2531 1814 2562 κατὰ

191 2601 367 2640 στάθμην,
395 2601 467 2632 τοτὲ
492 2598 523 2630 δὲ
548 2599 634 2630 κατὰ
658 2598 898 2639 παρέγκλισιν,
924 2598 965 2627 τὰ
988 2595 1018 2627 δὲ
1036 2597 1105 2628 ἄνω
1122 2597 1300 2637 κινούμενα
1320 2598 1403 2627 κατὰ
1421 2596 1561 2638 πληγὴν
1577 2596 1633 2626 καὶ
1650 2595 1811 2627 ἀποπαλ-

191 2664 262 2703 μόν.
308 2661 348 2693 Ι).
374 2661 411 2693 L.
435 2661 488 2699 X,
513 2662 551 2691 61
568 2686 574 2696 ,
602 2660 620 2698 ἡ
644 2660 687 2697 εἰς
713 2662 749 2692 τὸ
773 2660 923 2700 πλάγιον
947 2657 1000 2689 διὰ
1023 2662 1090 2690 τῶν
1113 2659 1280 2699 κρούσεων
1303 2660 1387 2699 φορὰ
1411 2659 1484 2690 οὐθ’
1513 2662 1531 2696 ὴ
1555 2658 1646 2690 κάτω
1670 2656 1722 2690 διὰ
1746 2660 1814 2688 τῶν

193 2724 283 2756 ι’ὂὶων
305 2724 426 2766 βαρῶν
441 2750 447 2756 .
463 2749 469 2755 .
489 2747 496 2754 .

234 2787 260 2828 ⁴)
310 2787 350 2818 D.
375 2787 412 2818 L.
438 2787 480 2818 X.
507 2790 570 2823 44,
596 2786 616 2825 ἥ
654 2796 688 2817 τε
727 2786 904 2824 στερεότης
942 2783 962 2822 ὴ
999 2783 1201 2826 ὑπάρχουσα
1241 2785 1362 2820 αὐταῖς
1396 2784 1484 2816 κατὰ
1515 2784 1579 2821 τὴν
1611 2782 1816 2824 σύγκρουσιν

194 2852 253 2882 τὸν
277 2850 490 2890 ἀποπαλμὸν
519 2852 614 2881 ποιεῖ.

236 2913 262 2952 ⁵)
310 2912 350 2943 D.
377 2913 414 2944 L.
439 2912 492 2949 X,
526 2914 589 2950 43,
621 2914 677 2944 καὶ
712 2913 746 2944 ui
775 2914 834 2953 μὲν
863 2914 1001 2953 μακρὰν
1034 2912 1091 2943 ἀπ’
1126 2911 1290 2949 ἁλλήὶων
1320 2910 1529 2947 διίστανται,
1568 2908 1601 2939 αἱ
1624 2907 1649 2939 δ’
1676 2907 1718 2938 αὖ
1754 2909 1812 2940 τὸυ

193 2978 332 3015 παλμὸν
365 2977 535 3016 ῖσχουσιν,
580 2976 664 3008 ὅταν
700 2975 847 3017 τύχωσιν
881 2976 935 3008 ἐπὶ
969 2976 1031 3014 τήν
1067 2975 1279 3016 περιπλοκὴν
1313 2973 1501 3015 κεκλιμέναι
1532 2971 1552 3010 ἣ
1577 2971 1816 3013 στεγαζόμενοι

196 3040 289 3080 παρὰ
312 3041 382 3071 τῶν
409 3041 610 3071 πλεκτικῶν.
