<?xml version="1.0" encoding="UTF-8"?>
<!DOCTYPE html PUBLIC "-//W3C//DTD XHTML 1.0 Transitional//EN"
    "http://www.w3.org/TR/xhtml1/DTD/xhtml1-transitional.dtd">
<html xmlns="http://www.w3.org/1999/xhtml" xml:lang="en" lang="en">
 <head>
  <title>
</title>
<meta http-equiv="Content-Type" content="text/html;charset=utf-8" />
  <meta name='ocr-system' content='tesseract 3.04.00' />
  <meta name='ocr-capabilities' content='ocr_page ocr_carea ocr_par ocr_line ocrx_word'/>
</head>
<body>
  <div class='ocr_page' id='page_1' title='image "./lucretiiphilosop00woltuoft_0105.png"; bbox 0 0 1894 3235; ppageno 0'>
   <div class='ocr_carea' id='block_1_1' title="bbox 882 143 930 182">
    <p class='ocr_par' dir='ltr' id='par_1_1' title="bbox 882 143 930 182">
     <span class='ocr_line' id='line_1_1' title="bbox 882 143 930 182; baseline 0.042 -2"><span class='ocrx_word' id='word_1_1' title='bbox 882 143 930 182; x_wconf 84' lang='lat'>91</span> 
     </span>
    </p>
   </div>
   <div class='ocr_carea' id='block_1_2' title="bbox 93 270 1718 2576">
    <p class='ocr_par' dir='ltr' id='par_1_2' title="bbox 100 270 1718 1104">
     <span class='ocr_line' id='line_1_2' title="bbox 106 270 1718 329; baseline -0.003 -15"><span class='ocrx_word' id='word_1_2' title='bbox 106 277 336 329; x_wconf 88' lang='lat' dir='ltr'>sequuntur</span> <span class='ocrx_word' id='word_1_3' title='bbox 368 273 585 315; x_wconf 86' lang='lat' dir='ltr'>sufficiant.</span> <span class='ocrx_word' id='word_1_4' title='bbox 619 273 722 314; x_wconf 88' lang='lat' dir='ltr'>Inde</span> <span class='ocrx_word' id='word_1_5' title='bbox 755 288 778 314; x_wconf 87' lang='lat' dir='ltr'>a</span> <span class='ocrx_word' id='word_1_6' title='bbox 800 289 858 314; x_wconf 87' lang='lat' dir='ltr'>vs.</span> <span class='ocrx_word' id='word_1_7' title='bbox 882 276 964 315; x_wconf 78' lang='lat'>520</span> <span class='ocrx_word' id='word_1_8' title='bbox 995 288 1126 329; x_wconf 91' lang='lat' dir='ltr'>usque</span> <span class='ocrx_word' id='word_1_9' title='bbox 1158 273 1208 314; x_wconf 87' lang='lat' dir='ltr'>ad</span> <span class='ocrx_word' id='word_1_10' title='bbox 1240 287 1298 313; x_wconf 84' lang='lat' dir='ltr'>vs.</span> <span class='ocrx_word' id='word_1_11' title='bbox 1325 273 1404 312; x_wconf 85' lang='lat'>615</span> <span class='ocrx_word' id='word_1_12' title='bbox 1436 274 1561 326; x_wconf 85' lang='lat' dir='ltr'>poeta</span> <span class='ocrx_word' id='word_1_13' title='bbox 1592 270 1718 309; x_wconf 85' lang='lat' dir='ltr'>inter-</span> 
     </span>
     <span class='ocr_line' id='line_1_3' title="bbox 105 346 1716 406; baseline -0.002 -15"><span class='ocrx_word' id='word_1_14' title='bbox 105 354 295 405; x_wconf 76' lang='lat' dir='ltr'>pretatur</span> <span class='ocrx_word' id='word_1_15' title='bbox 336 350 508 406; x_wconf 89' lang='lat' dir='ltr'>Epicuri</span> <span class='ocrx_word' id='word_1_16' title='bbox 549 351 778 391; x_wconf 75' lang='lat' dir='ltr'>doctrinam</span> <span class='ocrx_word' id='word_1_17' title='bbox 821 351 871 391; x_wconf 87' lang='lat' dir='ltr'>de</span> <span class='ocrx_word' id='word_1_18' title='bbox 903 351 1074 403; x_wconf 89' lang='lat' dir='ltr'>auditu,</span> <span class='ocrx_word' id='word_1_19' title='bbox 1117 364 1240 405; x_wconf 87' lang='lat' dir='ltr'>quam</span> <span class='ocrx_word' id='word_1_20' title='bbox 1271 349 1377 403; x_wconf 90' lang='lat' dir='ltr'>legis</span> <span class='ocrx_word' id='word_1_21' title='bbox 1407 348 1458 388; x_wconf 92' lang='lat' dir='ltr'>D.</span> <span class='ocrx_word' id='word_1_22' title='bbox 1494 348 1542 388; x_wconf 92' lang='lat' dir='ltr'>L.</span> <span class='ocrx_word' id='word_1_23' title='bbox 1576 346 1625 386; x_wconf 90' lang='lat' dir='ltr'>X.</span> <span class='ocrx_word' id='word_1_24' title='bbox 1664 348 1716 387; x_wconf 81' lang='lat'>52</span> 
     </span>
     <span class='ocr_line' id='line_1_4' title="bbox 105 425 1715 482; baseline -0.002 -16"><span class='ocrx_word' id='word_1_25' title='bbox 105 427 366 481; x_wconf 77' lang='lat' dir='ltr'>expositam:</span> <span class='ocrx_word' id='word_1_26' title='bbox 414 432 502 468; x_wconf 89' lang='lat' dir='ltr'>tum</span> <span class='ocrx_word' id='word_1_27' title='bbox 548 442 572 468; x_wconf 92' lang='lat' dir='ltr'>a</span> <span class='ocrx_word' id='word_1_28' title='bbox 613 441 671 467; x_wconf 77' lang='lat' dir='ltr'>vs.</span> <span class='ocrx_word' id='word_1_29' title='bbox 721 429 800 468; x_wconf 78' lang='lat'>615</span> <span class='ocrx_word' id='word_1_30' title='bbox 848 442 978 482; x_wconf 87' lang='lat' dir='ltr'>usque</span> <span class='ocrx_word' id='word_1_31' title='bbox 1012 427 1062 468; x_wconf 90' lang='lat' dir='ltr'>ad</span> <span class='ocrx_word' id='word_1_32' title='bbox 1095 429 1174 467; x_wconf 70' lang='lat'>673</span> <span class='ocrx_word' id='word_1_33' title='bbox 1208 427 1257 467; x_wconf 88' lang='lat' dir='ltr'>de</span> <span class='ocrx_word' id='word_1_34' title='bbox 1291 429 1416 479; x_wconf 86' lang='lat' dir='ltr'>gustu</span> <span class='ocrx_word' id='word_1_35' title='bbox 1446 425 1557 478; x_wconf 86' lang='lat' dir='ltr'>agit,</span> <span class='ocrx_word' id='word_1_36' title='bbox 1591 437 1715 478; x_wconf 87' lang='lat' dir='ltr'>quam</span> 
     </span>
     <span class='ocr_line' id='line_1_5' title="bbox 102 500 1714 559; baseline -0.002 -15"><span class='ocrx_word' id='word_1_37' title='bbox 102 508 264 559; x_wconf 88' lang='lat' dir='ltr'>partem</span> <span class='ocrx_word' id='word_1_38' title='bbox 294 505 337 545; x_wconf 92' lang='lat' dir='ltr'>in</span> <span class='ocrx_word' id='word_1_39' title='bbox 368 504 540 559; x_wconf 84' lang='lat' dir='ltr'>Epicuri</span> <span class='ocrx_word' id='word_1_40' title='bbox 573 505 749 559; x_wconf 87' lang='lat' dir='ltr'>epistola</span> <span class='ocrx_word' id='word_1_41' title='bbox 779 505 1049 559; x_wconf 80' lang='lat' dir='ltr'>praeteritam</span> <span class='ocrx_word' id='word_1_42' title='bbox 1081 505 1345 556; x_wconf 75' lang='lat' dir='ltr'>invenimus,</span> <span class='ocrx_word' id='word_1_43' title='bbox 1379 503 1456 543; x_wconf 88' lang='lat' dir='ltr'>etsi</span> <span class='ocrx_word' id='word_1_44' title='bbox 1478 500 1714 556; x_wconf 86' lang='lat' dir='ltr'>Theophr.,</span> 
     </span>
     <span class='ocr_line' id='line_1_6' title="bbox 104 580 1714 637; baseline -0.002 -16"><span class='ocrx_word' id='word_1_45' title='bbox 104 580 154 621; x_wconf 86' lang='lat' dir='ltr'>de</span> <span class='ocrx_word' id='word_1_46' title='bbox 186 595 310 622; x_wconf 89' lang='lat' dir='ltr'>sensu</span> <span class='ocrx_word' id='word_1_47' title='bbox 343 583 423 634; x_wconf 82' lang='lat'>63,</span> <span class='ocrx_word' id='word_1_48' title='bbox 456 582 507 622; x_wconf 92' lang='lat' dir='ltr'>D.</span> <span class='ocrx_word' id='word_1_49' title='bbox 541 582 591 622; x_wconf 89' lang='lat' dir='ltr'>L.</span> <span class='ocrx_word' id='word_1_50' title='bbox 624 582 701 622; x_wconf 81' lang='lat' dir='ltr'>IX.</span> <span class='ocrx_word' id='word_1_51' title='bbox 737 584 802 623; x_wconf 76' lang='lat'>80.</span> <span class='ocrx_word' id='word_1_52' title='bbox 837 582 952 623; x_wconf 74' lang='lat' dir='ltr'>Sext.</span> <span class='ocrx_word' id='word_1_53' title='bbox 987 583 1108 637; x_wconf 88' lang='lat' dir='ltr'>Emp.</span> <span class='ocrx_word' id='word_1_54' title='bbox 1140 582 1239 637; x_wconf 73' lang='lat' dir='ltr'>hyp.</span> <span class='ocrx_word' id='word_1_55' title='bbox 1272 582 1329 622; x_wconf 89' lang='grc' dir='ltr'>Π.</span> <span class='ocrx_word' id='word_1_56' title='bbox 1364 582 1439 633; x_wconf 83' lang='lat'>63,</span> <span class='ocrx_word' id='word_1_57' title='bbox 1472 583 1587 635; x_wconf 88' lang='lat' dir='ltr'>patet</span> <span class='ocrx_word' id='word_1_58' title='bbox 1619 592 1714 619; x_wconf 90' lang='lat' dir='ltr'>eum</span> 
     </span>
     <span class='ocr_line' id='line_1_7' title="bbox 101 656 1715 714; baseline -0.002 -15"><span class='ocrx_word' id='word_1_59' title='bbox 101 658 214 699; x_wconf 82' lang='lat' dir='ltr'>idem</span> <span class='ocrx_word' id='word_1_60' title='bbox 246 658 456 713; x_wconf 87' lang='lat' dir='ltr'>docuisse;</span> <span class='ocrx_word' id='word_1_61' title='bbox 500 659 679 714; x_wconf 88' lang='lat' dir='ltr'>denique</span> <span class='ocrx_word' id='word_1_62' title='bbox 711 674 769 700; x_wconf 82' lang='lat' dir='ltr'>vs.</span> <span class='ocrx_word' id='word_1_63' title='bbox 805 662 1024 700; x_wconf 71' lang='lat'>(373-721</span> <span class='ocrx_word' id='word_1_64' title='bbox 1062 660 1198 700; x_wconf 87' lang='lat' dir='ltr'>odoris</span> <span class='ocrx_word' id='word_1_65' title='bbox 1230 659 1554 714; x_wconf 83' lang='lat' dir='ltr'>explicationem</span> <span class='ocrx_word' id='word_1_66' title='bbox 1586 656 1715 697; x_wconf 86' lang='lat' dir='ltr'>conti-</span> 
     </span>
     <span class='ocr_line' id='line_1_8' title="bbox 102 734 1715 792; baseline -0.002 -16"><span class='ocrx_word' id='word_1_67' title='bbox 102 739 227 790; x_wconf 90' lang='lat' dir='ltr'>nent,</span> <span class='ocrx_word' id='word_1_68' title='bbox 270 751 393 792; x_wconf 89' lang='lat' dir='ltr'>quam</span> <span class='ocrx_word' id='word_1_69' title='bbox 425 737 477 777; x_wconf 89' lang='lat' dir='ltr'>D.</span> <span class='ocrx_word' id='word_1_70' title='bbox 512 737 559 778; x_wconf 91' lang='lat' dir='ltr'>L.</span> <span class='ocrx_word' id='word_1_71' title='bbox 607 736 657 776; x_wconf 87' lang='lat' dir='ltr'>X.</span> <span class='ocrx_word' id='word_1_72' title='bbox 702 739 754 778; x_wconf 81' lang='lat'>53</span> <span class='ocrx_word' id='word_1_73' title='bbox 787 737 1075 778; x_wconf 75' lang='lat' dir='ltr'>adumbratam</span> <span class='ocrx_word' id='word_1_74' title='bbox 1107 737 1308 777; x_wconf 78' lang='lat' dir='ltr'>invenies.</span> <span class='ocrx_word' id='word_1_75' title='bbox 1370 736 1450 783; x_wconf 82' lang='lat' dir='ltr'>Qui</span> <span class='ocrx_word' id='word_1_76' title='bbox 1482 734 1715 775; x_wconf 78' lang='lat' dir='ltr'>accuratius</span> 
     </span>
     <span class='ocr_line' id='line_1_9' title="bbox 101 811 1716 870; baseline -0.002 -16"><span class='ocrx_word' id='word_1_77' title='bbox 101 813 205 857; x_wconf 88' lang='lat' dir='ltr'>haec</span> <span class='ocrx_word' id='word_1_78' title='bbox 246 816 385 856; x_wconf 87' lang='lat' dir='ltr'>omnia</span> <span class='ocrx_word' id='word_1_79' title='bbox 415 815 525 855; x_wconf 82' lang='lat' dir='ltr'>inter</span> <span class='ocrx_word' id='word_1_80' title='bbox 557 829 599 855; x_wconf 88' lang='lat' dir='ltr'>se</span> <span class='ocrx_word' id='word_1_81' title='bbox 632 815 961 870; x_wconf 72' lang='lat' dir='ltr'>comparaverit,</span> <span class='ocrx_word' id='word_1_82' title='bbox 1000 815 1158 855; x_wconf 75' lang='lat' dir='ltr'>videbit</span> <span class='ocrx_word' id='word_1_83' title='bbox 1189 818 1356 869; x_wconf 81' lang='lat' dir='ltr'>poetam</span> <span class='ocrx_word' id='word_1_84' title='bbox 1389 813 1568 853; x_wconf 88' lang='lat' dir='ltr'>cundem</span> <span class='ocrx_word' id='word_1_85' title='bbox 1600 811 1716 866; x_wconf 90' lang='lat' dir='ltr'>sequi</span> 
     </span>
     <span class='ocr_line' id='line_1_10' title="bbox 101 889 1715 948; baseline -0.004 -14"><span class='ocrx_word' id='word_1_86' title='bbox 101 893 286 934; x_wconf 77' lang='lat' dir='ltr'>ordinem</span> <span class='ocrx_word' id='word_1_87' title='bbox 319 897 444 948; x_wconf 81' lang='lat' dir='ltr'>atque</span> <span class='ocrx_word' id='word_1_88' title='bbox 477 893 719 947; x_wconf 75' lang='lat' dir='ltr'>Epicurum.</span> <span class='ocrx_word' id='word_1_89' title='bbox 763 893 864 933; x_wconf 84' lang='lat' dir='ltr'>Post</span> <span class='ocrx_word' id='word_1_90' title='bbox 889 893 1001 933; x_wconf 85' lang='lat' dir='ltr'>visus</span> <span class='ocrx_word' id='word_1_91' title='bbox 1024 906 1189 933; x_wconf 83' lang='lat' dir='ltr'>sonsum</span> <span class='ocrx_word' id='word_1_92' title='bbox 1211 895 1435 932; x_wconf 90' lang='lat' dir='ltr'>tractatum</span> <span class='ocrx_word' id='word_1_93' title='bbox 1457 890 1506 930; x_wconf 89' lang='lat' dir='ltr'>de</span> <span class='ocrx_word' id='word_1_94' title='bbox 1530 889 1715 930; x_wconf 84' lang='lat' dir='ltr'>omnium</span> 
     </span>
     <span class='ocr_line' id='line_1_11' title="bbox 102 969 1713 1021; baseline -0.004 -9"><span class='ocrx_word' id='word_1_95' title='bbox 102 971 370 1012; x_wconf 80' lang='lat' dir='ltr'>scientiarum</span> <span class='ocrx_word' id='word_1_96' title='bbox 411 970 682 1011; x_wconf 83' lang='lat' dir='ltr'>fundamento</span> <span class='ocrx_word' id='word_1_97' title='bbox 722 971 765 1010; x_wconf 89' lang='lat' dir='ltr'>in</span> <span class='ocrx_word' id='word_1_98' title='bbox 797 985 993 1011; x_wconf 87' lang='lat' dir='ltr'>sensuum</span> <span class='ocrx_word' id='word_1_99' title='bbox 1024 970 1271 1011; x_wconf 87' lang='lat' dir='ltr'>auctoritate</span> <span class='ocrx_word' id='word_1_100' title='bbox 1304 969 1409 1021; x_wconf 86' lang='lat' dir='ltr'>sito,</span> <span class='ocrx_word' id='word_1_101' title='bbox 1457 981 1592 1008; x_wconf 87' lang='lat' dir='ltr'>sermo</span> <span class='ocrx_word' id='word_1_102' title='bbox 1624 970 1713 1019; x_wconf 86' lang='lat' dir='ltr'>est,</span> 
     </span>
     <span class='ocr_line' id='line_1_12' title="bbox 100 1049 857 1104; baseline -0.003 -14"><span class='ocrx_word' id='word_1_103' title='bbox 100 1053 187 1090; x_wconf 90' lang='lat' dir='ltr'>tum</span> <span class='ocrx_word' id='word_1_104' title='bbox 220 1049 371 1104; x_wconf 85' lang='lat' dir='ltr'>reliqui</span> <span class='ocrx_word' id='word_1_105' title='bbox 404 1063 548 1089; x_wconf 84' lang='lat' dir='ltr'>sensus</span> <span class='ocrx_word' id='word_1_106' title='bbox 581 1049 857 1103; x_wconf 77' lang='lat' dir='ltr'>explicantur.</span> 
     </span>
    </p>

    <p class='ocr_par' dir='ltr' id='par_1_3' title="bbox 93 1122 1713 2576">
     <span class='ocr_line' id='line_1_13' title="bbox 161 1122 1713 1181; baseline -0.003 -14"><span class='ocrx_word' id='word_1_107' title='bbox 161 1126 230 1167; x_wconf 73' lang='lat' dir='ltr'>Ex</span> <span class='ocrx_word' id='word_1_108' title='bbox 287 1140 336 1167; x_wconf 86' lang='lat' dir='ltr'>ea</span> <span class='ocrx_word' id='word_1_109' title='bbox 388 1140 494 1181; x_wconf 90' lang='lat' dir='ltr'>quae</span> <span class='ocrx_word' id='word_1_110' title='bbox 544 1125 757 1180; x_wconf 86' lang='lat' dir='ltr'>praecedit</span> <span class='ocrx_word' id='word_1_111' title='bbox 804 1125 975 1180; x_wconf 85' lang='lat' dir='ltr'>Epicuri</span> <span class='ocrx_word' id='word_1_112' title='bbox 1019 1125 1068 1164; x_wconf 88' lang='lat' dir='ltr'>de</span> <span class='ocrx_word' id='word_1_113' title='bbox 1101 1124 1289 1164; x_wconf 73' lang='lat' dir='ltr'>sensibus</span> <span class='ocrx_word' id='word_1_114' title='bbox 1322 1123 1510 1163; x_wconf 86' lang='lat' dir='ltr'>doctrina</span> <span class='ocrx_word' id='word_1_115' title='bbox 1541 1122 1713 1162; x_wconf 83' lang='lat' dir='ltr'>forsitan</span> 
     </span>
     <span class='ocr_line' id='line_1_14' title="bbox 99 1200 1712 1260; baseline -0.004 -15"><span class='ocrx_word' id='word_1_116' title='bbox 99 1204 192 1260; x_wconf 86' lang='lat' dir='ltr'>quis</span> <span class='ocrx_word' id='word_1_117' title='bbox 242 1204 405 1245; x_wconf 83' lang='lat' dir='ltr'>efficere</span> <span class='ocrx_word' id='word_1_118' title='bbox 451 1204 555 1244; x_wconf 83' lang='lat' dir='ltr'>velit</span> <span class='ocrx_word' id='word_1_119' title='bbox 596 1217 670 1244; x_wconf 90' lang='lat' dir='ltr'>nos</span> <span class='ocrx_word' id='word_1_120' title='bbox 710 1204 754 1243; x_wconf 91' lang='lat' dir='ltr'>in</span> <span class='ocrx_word' id='word_1_121' title='bbox 800 1217 962 1243; x_wconf 87' lang='lat' dir='ltr'>errores</span> <span class='ocrx_word' id='word_1_122' title='bbox 992 1216 1075 1242; x_wconf 89' lang='lat' dir='ltr'>non</span> <span class='ocrx_word' id='word_1_123' title='bbox 1105 1215 1226 1257; x_wconf 86' lang='lat' dir='ltr'>posse</span> <span class='ocrx_word' id='word_1_124' title='bbox 1257 1201 1469 1253; x_wconf 83' lang='lat' dir='ltr'>incidere,</span> <span class='ocrx_word' id='word_1_125' title='bbox 1516 1200 1712 1255; x_wconf 89' lang='lat' dir='ltr'>quoniam</span> 
     </span>
     <span class='ocr_line' id='line_1_15' title="bbox 102 1277 1712 1336; baseline -0.003 -14"><span class='ocrx_word' id='word_1_126' title='bbox 102 1296 246 1322; x_wconf 85' lang='lat' dir='ltr'>omnes</span> <span class='ocrx_word' id='word_1_127' title='bbox 291 1286 458 1321; x_wconf 84' lang='lat' dir='ltr'>nostrae</span> <span class='ocrx_word' id='word_1_128' title='bbox 490 1281 780 1336; x_wconf 80' lang='lat' dir='ltr'>perceptiones</span> <span class='ocrx_word' id='word_1_129' title='bbox 811 1279 915 1320; x_wconf 87' lang='lat' dir='ltr'>nihil</span> <span class='ocrx_word' id='word_1_130' title='bbox 947 1280 1029 1320; x_wconf 88' lang='lat' dir='ltr'>sint</span> <span class='ocrx_word' id='word_1_131' title='bbox 1061 1279 1141 1319; x_wconf 83' lang='lat' dir='ltr'>nisi</span> <span class='ocrx_word' id='word_1_132' title='bbox 1171 1283 1332 1332; x_wconf 88' lang='lat' dir='ltr'>motus,</span> <span class='ocrx_word' id='word_1_133' title='bbox 1380 1292 1623 1330; x_wconf 80' lang='lat' dir='ltr'>concursUS,</span> <span class='ocrx_word' id='word_1_134' title='bbox 1656 1277 1712 1318; x_wconf 87' lang='lat' dir='ltr'>af-</span> 
     </span>
     <span class='ocr_line' id='line_1_16' title="bbox 98 1355 1712 1412; baseline -0.003 -12"><span class='ocrx_word' id='word_1_135' title='bbox 98 1359 231 1400; x_wconf 87' lang='lat' dir='ltr'>fectus</span> <span class='ocrx_word' id='word_1_136' title='bbox 277 1359 490 1400; x_wconf 86' lang='lat' dir='ltr'>materiae.</span> <span class='ocrx_word' id='word_1_137' title='bbox 552 1359 617 1399; x_wconf 88' lang='lat' dir='ltr'>Ne</span> <span class='ocrx_word' id='word_1_138' title='bbox 649 1359 706 1398; x_wconf 91' lang='lat' dir='ltr'>sic</span> <span class='ocrx_word' id='word_1_139' title='bbox 737 1358 905 1399; x_wconf 81' lang='lat' dir='ltr'>veritati</span> <span class='ocrx_word' id='word_1_140' title='bbox 937 1361 1243 1412; x_wconf 78' lang='lat' dir='ltr'>repugnarent,</span> <span class='ocrx_word' id='word_1_141' title='bbox 1278 1356 1475 1411; x_wconf 84' lang='lat' dir='ltr'>Epicurei</span> <span class='ocrx_word' id='word_1_142' title='bbox 1508 1355 1712 1396; x_wconf 84' lang='lat' dir='ltr'>docebant</span> 
     </span>
     <span class='ocr_line' id='line_1_17' title="bbox 97 1433 1712 1491; baseline -0.003 -13"><span class='ocrx_word' id='word_1_143' title='bbox 97 1451 172 1478; x_wconf 88' lang='lat' dir='ltr'>nos</span> <span class='ocrx_word' id='word_1_144' title='bbox 219 1451 356 1477; x_wconf 85' lang='lat' dir='ltr'>errare</span> <span class='ocrx_word' id='word_1_145' title='bbox 402 1451 549 1491; x_wconf 86' lang='lat' dir='ltr'>posse,</span> <span class='ocrx_word' id='word_1_146' title='bbox 598 1436 670 1476; x_wconf 87' lang='lat' dir='ltr'>sed</span> <span class='ocrx_word' id='word_1_147' title='bbox 715 1450 874 1476; x_wconf 88' lang='lat' dir='ltr'>errores</span> <span class='ocrx_word' id='word_1_148' title='bbox 917 1450 999 1476; x_wconf 92' lang='lat' dir='ltr'>non</span> <span class='ocrx_word' id='word_1_149' title='bbox 1038 1435 1228 1475; x_wconf 86' lang='lat' dir='ltr'>sensibus</span> <span class='ocrx_word' id='word_1_150' title='bbox 1261 1435 1333 1475; x_wconf 90' lang='lat' dir='ltr'>sed</span> <span class='ocrx_word' id='word_1_151' title='bbox 1364 1434 1501 1474; x_wconf 88' lang='lat' dir='ltr'>animo</span> <span class='ocrx_word' id='word_1_152' title='bbox 1534 1433 1609 1473; x_wconf 89' lang='lat' dir='ltr'>soli</span> <span class='ocrx_word' id='word_1_153' title='bbox 1641 1433 1712 1473; x_wconf 91' lang='lat' dir='ltr'>tri-</span> 
     </span>
     <span class='ocr_line' id='line_1_18' title="bbox 97 1509 1710 1567; baseline -0.003 -13"><span class='ocrx_word' id='word_1_154' title='bbox 97 1513 285 1554; x_wconf 84' lang='lat' dir='ltr'>buendos</span> <span class='ocrx_word' id='word_1_155' title='bbox 332 1527 422 1554; x_wconf 85' lang='lat' dir='ltr'>esse</span> <span class='ocrx_word' id='word_1_156' title='bbox 451 1513 489 1566; x_wconf 84' lang='lat'>¹).</span> <span class='ocrx_word' id='word_1_157' title='bbox 555 1514 675 1565; x_wconf 88' lang='lat' dir='ltr'>„Non</span> <span class='ocrx_word' id='word_1_158' title='bbox 719 1517 893 1567; x_wconf 86' lang='lat' dir='ltr'>possunt</span> <span class='ocrx_word' id='word_1_159' title='bbox 937 1513 1045 1553; x_wconf 88' lang='lat' dir='ltr'>oculi</span> <span class='ocrx_word' id='word_1_160' title='bbox 1092 1517 1286 1552; x_wconf 87' lang='lat' dir='ltr'>naturam</span> <span class='ocrx_word' id='word_1_161' title='bbox 1317 1524 1489 1551; x_wconf 86' lang='lat' dir='ltr'>noscere</span> <span class='ocrx_word' id='word_1_162' title='bbox 1528 1509 1710 1550; x_wconf 86' lang='lat' dir='ltr'>rerum.&#39;&#39;</span> 
     </span>
     <span class='ocr_line' id='line_1_19' title="bbox 101 1588 1712 1644; baseline -0.003 -13"><span class='ocrx_word' id='word_1_163' title='bbox 101 1590 255 1632; x_wconf 82' lang='lat' dir='ltr'>Sensus</span> <span class='ocrx_word' id='word_1_164' title='bbox 287 1591 466 1632; x_wconf 85' lang='lat' dir='ltr'>afferunt</span> <span class='ocrx_word' id='word_1_165' title='bbox 496 1605 636 1631; x_wconf 88' lang='lat' dir='ltr'>rerum</span> <span class='ocrx_word' id='word_1_166' title='bbox 668 1591 895 1644; x_wconf 77' lang='lat' dir='ltr'>imagines,</span> <span class='ocrx_word' id='word_1_167' title='bbox 929 1590 1000 1630; x_wconf 90' lang='lat' dir='ltr'>sed</span> <span class='ocrx_word' id='word_1_168' title='bbox 1032 1589 1195 1630; x_wconf 87' lang='lat' dir='ltr'>animus</span> <span class='ocrx_word' id='word_1_169' title='bbox 1218 1603 1287 1629; x_wconf 88' lang='lat' dir='ltr'>eas</span> <span class='ocrx_word' id='word_1_170' title='bbox 1309 1588 1482 1643; x_wconf 88' lang='lat' dir='ltr'>accipit,</span> <span class='ocrx_word' id='word_1_171' title='bbox 1512 1601 1581 1627; x_wconf 88' lang='lat' dir='ltr'>cas</span> <span class='ocrx_word' id='word_1_172' title='bbox 1603 1600 1712 1627; x_wconf 88' lang='lat' dir='ltr'>com-</span> 
     </span>
     <span class='ocr_line' id='line_1_20' title="bbox 95 1665 1711 1724; baseline -0.002 -15"><span class='ocrx_word' id='word_1_173' title='bbox 95 1669 213 1724; x_wconf 86' lang='lat' dir='ltr'>ponit</span> <span class='ocrx_word' id='word_1_174' title='bbox 245 1673 285 1709; x_wconf 92' lang='lat' dir='ltr'>et</span> <span class='ocrx_word' id='word_1_175' title='bbox 316 1683 411 1709; x_wconf 89' lang='lat' dir='ltr'>cum</span> <span class='ocrx_word' id='word_1_176' title='bbox 441 1668 789 1724; x_wconf 83' lang='lat' dir='ltr'>praecedentibus</span> <span class='ocrx_word' id='word_1_177' title='bbox 820 1682 962 1708; x_wconf 90' lang='lat' dir='ltr'>rerum</span> <span class='ocrx_word' id='word_1_178' title='bbox 986 1667 1229 1707; x_wconf 88' lang='lat' dir='ltr'>notionibus</span> <span class='ocrx_word' id='word_1_179' title='bbox 1263 1680 1331 1707; x_wconf 88' lang='lat' dir='ltr'>eas</span> <span class='ocrx_word' id='word_1_180' title='bbox 1354 1669 1580 1720; x_wconf 88' lang='lat' dir='ltr'>comparat.</span> <span class='ocrx_word' id='word_1_181' title='bbox 1628 1665 1711 1705; x_wconf 87' lang='lat' dir='ltr'>Ita-</span> 
     </span>
     <span class='ocr_line' id='line_1_21' title="bbox 96 1742 1710 1800; baseline -0.002 -14"><span class='ocrx_word' id='word_1_182' title='bbox 96 1759 177 1800; x_wconf 88' lang='lat' dir='ltr'>que</span> <span class='ocrx_word' id='word_1_183' title='bbox 222 1746 447 1786; x_wconf 87' lang='lat' dir='ltr'>usuvenire</span> <span class='ocrx_word' id='word_1_184' title='bbox 479 1749 644 1800; x_wconf 89' lang='lat' dir='ltr'>potest,</span> <span class='ocrx_word' id='word_1_185' title='bbox 691 1749 738 1785; x_wconf 87' lang='lat' dir='ltr'>ut</span> <span class='ocrx_word' id='word_1_186' title='bbox 769 1745 933 1786; x_wconf 89' lang='lat' dir='ltr'>animus</span> <span class='ocrx_word' id='word_1_187' title='bbox 964 1744 1008 1784; x_wconf 90' lang='lat' dir='ltr'>in</span> <span class='ocrx_word' id='word_1_188' title='bbox 1040 1743 1117 1784; x_wconf 91' lang='lat' dir='ltr'>hoc</span> <span class='ocrx_word' id='word_1_189' title='bbox 1150 1758 1275 1799; x_wconf 90' lang='lat' dir='ltr'>opere</span> <span class='ocrx_word' id='word_1_190' title='bbox 1307 1744 1487 1784; x_wconf 88' lang='lat' dir='ltr'>fallatur.</span> <span class='ocrx_word' id='word_1_191' title='bbox 1550 1742 1594 1783; x_wconf 78' lang='lat' dir='ltr'>Si</span> <span class='ocrx_word' id='word_1_192' title='bbox 1625 1746 1710 1782; x_wconf 90' lang='lat' dir='ltr'>tur-</span> 
     </span>
     <span class='ocr_line' id='line_1_22' title="bbox 93 1820 1711 1878; baseline -0.003 -14"><span class='ocrx_word' id='word_1_193' title='bbox 93 1822 174 1863; x_wconf 87' lang='lat' dir='ltr'>rim</span> <span class='ocrx_word' id='word_1_194' title='bbox 219 1823 341 1864; x_wconf 81' lang='lat' dir='ltr'>video</span> <span class='ocrx_word' id='word_1_195' title='bbox 389 1837 411 1864; x_wconf 89' lang='lat' dir='ltr'>e</span> <span class='ocrx_word' id='word_1_196' title='bbox 455 1823 713 1878; x_wconf 86' lang='lat' dir='ltr'>longinquo,</span> <span class='ocrx_word' id='word_1_197' title='bbox 763 1823 852 1863; x_wconf 90' lang='lat' dir='ltr'>eius</span> <span class='ocrx_word' id='word_1_198' title='bbox 892 1823 1031 1876; x_wconf 80' lang='lat' dir='ltr'>imago</span> <span class='ocrx_word' id='word_1_199' title='bbox 1074 1825 1301 1877; x_wconf 87' lang='lat' dir='ltr'>antequam</span> <span class='ocrx_word' id='word_1_200' title='bbox 1343 1820 1395 1862; x_wconf 89' lang='lat' dir='ltr'>ad</span> <span class='ocrx_word' id='word_1_201' title='bbox 1426 1820 1567 1861; x_wconf 89' lang='lat' dir='ltr'>oculos</span> <span class='ocrx_word' id='word_1_202' title='bbox 1596 1833 1711 1860; x_wconf 89' lang='lat' dir='ltr'>meos</span> 
     </span>
     <span class='ocr_line' id='line_1_23' title="bbox 94 1897 1709 1962; baseline -0.002 -21"><span class='ocrx_word' id='word_1_203' title='bbox 94 1904 306 1956; x_wconf 87' lang='lat' dir='ltr'>penetret,</span> <span class='ocrx_word' id='word_1_204' title='bbox 347 1901 501 1942; x_wconf 87' lang='lat' dir='ltr'>multas</span> <span class='ocrx_word' id='word_1_205' title='bbox 542 1900 654 1940; x_wconf 88' lang='lat' dir='ltr'>subit</span> <span class='ocrx_word' id='word_1_206' title='bbox 694 1899 972 1952; x_wconf 76' lang='lat' dir='ltr'>mutationes,</span> <span class='ocrx_word' id='word_1_207' title='bbox 1020 1913 1145 1952; x_wconf 82' lang='lat' dir='ltr'>aere,</span> <span class='ocrx_word' id='word_1_208' title='bbox 1194 1913 1318 1955; x_wconf 89' lang='lat' dir='ltr'>quem</span> <span class='ocrx_word' id='word_1_209' title='bbox 1364 1898 1501 1952; x_wconf 88' lang='lat' dir='ltr'>imago</span> <span class='ocrx_word' id='word_1_210' title='bbox 1533 1897 1709 1962; x_wconf 74' lang='lat' dir='ltr'>transit,</span> 
     </span>
     <span class='ocr_line' id='line_1_24' title="bbox 95 1973 1711 2033; baseline -0.003 -14"><span class='ocrx_word' id='word_1_211' title='bbox 95 1992 188 2019; x_wconf 89' lang='lat' dir='ltr'>eam</span> <span class='ocrx_word' id='word_1_212' title='bbox 232 1978 386 2033; x_wconf 87' lang='lat' dir='ltr'>partim</span> <span class='ocrx_word' id='word_1_213' title='bbox 430 1978 652 2018; x_wconf 85' lang='lat' dir='ltr'>mutilante</span> <span class='ocrx_word' id='word_1_214' title='bbox 701 1982 775 2028; x_wconf 85' lang='lat' dir='ltr'>(vs.</span> <span class='ocrx_word' id='word_1_215' title='bbox 811 1978 891 2018; x_wconf 84' lang='lat'>353</span> <span class='ocrx_word' id='word_1_216' title='bbox 925 1978 1070 2032; x_wconf 88' lang='lat' dir='ltr'>seqq).</span> <span class='ocrx_word' id='word_1_217' title='bbox 1133 1976 1254 2017; x_wconf 87' lang='lat' dir='ltr'>Oculi</span> <span class='ocrx_word' id='word_1_218' title='bbox 1287 1979 1428 2016; x_wconf 91' lang='lat' dir='ltr'>tamen</span> <span class='ocrx_word' id='word_1_219' title='bbox 1459 1974 1565 2015; x_wconf 89' lang='lat' dir='ltr'>nihil</span> <span class='ocrx_word' id='word_1_220' title='bbox 1596 1973 1711 2015; x_wconf 86' lang='lat' dir='ltr'>aliud</span> 
     </span>
     <span class='ocr_line' id='line_1_25' title="bbox 95 2052 1708 2111; baseline -0.002 -15"><span class='ocrx_word' id='word_1_221' title='bbox 95 2069 221 2111; x_wconf 86' lang='lat' dir='ltr'>quam</span> <span class='ocrx_word' id='word_1_222' title='bbox 251 2054 358 2096; x_wconf 89' lang='lat' dir='ltr'>hanc</span> <span class='ocrx_word' id='word_1_223' title='bbox 390 2055 625 2096; x_wconf 87' lang='lat' dir='ltr'>mutilatam</span> <span class='ocrx_word' id='word_1_224' title='bbox 658 2055 886 2109; x_wconf 82' lang='lat' dir='ltr'>imaginem</span> <span class='ocrx_word' id='word_1_225' title='bbox 918 2054 1129 2109; x_wconf 89' lang='lat' dir='ltr'>accipiunt</span> <span class='ocrx_word' id='word_1_226' title='bbox 1161 2057 1202 2094; x_wconf 86' lang='lat' dir='ltr'>et</span> <span class='ocrx_word' id='word_1_227' title='bbox 1233 2053 1370 2094; x_wconf 85' lang='lat' dir='ltr'>animo</span> <span class='ocrx_word' id='word_1_228' title='bbox 1403 2067 1495 2093; x_wconf 91' lang='lat' dir='ltr'>eam</span> <span class='ocrx_word' id='word_1_229' title='bbox 1518 2052 1708 2093; x_wconf 86' lang='lat' dir='ltr'>tradunt:</span> 
     </span>
     <span class='ocr_line' id='line_1_26' title="bbox 97 2131 1711 2188; baseline -0.002 -14"><span class='ocrx_word' id='word_1_230' title='bbox 97 2133 169 2174; x_wconf 86' lang='lat' dir='ltr'>sed</span> <span class='ocrx_word' id='word_1_231' title='bbox 215 2133 377 2174; x_wconf 88' lang='lat' dir='ltr'>animus</span> <span class='ocrx_word' id='word_1_232' title='bbox 423 2147 515 2174; x_wconf 89' lang='lat' dir='ltr'>eam</span> <span class='ocrx_word' id='word_1_233' title='bbox 561 2147 802 2188; x_wconf 86' lang='lat' dir='ltr'>comparare</span> <span class='ocrx_word' id='word_1_234' title='bbox 849 2132 973 2173; x_wconf 88' lang='lat' dir='ltr'>debet</span> <span class='ocrx_word' id='word_1_235' title='bbox 1020 2146 1115 2172; x_wconf 90' lang='lat' dir='ltr'>cum</span> <span class='ocrx_word' id='word_1_236' title='bbox 1161 2131 1394 2188; x_wconf 75' lang='grc' dir='ltr'>προλήψειῑ</span> <span class='ocrx_word' id='word_1_237' title='bbox 1441 2131 1484 2171; x_wconf 88' lang='lat' dir='ltr'>id</span> <span class='ocrx_word' id='word_1_238' title='bbox 1521 2134 1584 2171; x_wconf 89' lang='lat' dir='ltr'>est</span> <span class='ocrx_word' id='word_1_239' title='bbox 1617 2144 1711 2172; x_wconf 91' lang='lat' dir='ltr'>cum</span> 
     </span>
     <span class='ocr_line' id='line_1_27' title="bbox 96 2209 1710 2264; baseline -0.001 -14"><span class='ocrx_word' id='word_1_240' title='bbox 96 2210 266 2251; x_wconf 91' lang='lat' dir='ltr'>notione</span> <span class='ocrx_word' id='word_1_241' title='bbox 313 2210 438 2251; x_wconf 90' lang='lat' dir='ltr'>turris</span> <span class='ocrx_word' id='word_1_242' title='bbox 484 2210 568 2251; x_wconf 89' lang='lat' dir='ltr'>iam</span> <span class='ocrx_word' id='word_1_243' title='bbox 611 2214 736 2251; x_wconf 88' lang='lat' dir='ltr'>antea</span> <span class='ocrx_word' id='word_1_244' title='bbox 782 2210 948 2264; x_wconf 86' lang='lat' dir='ltr'>saepius</span> <span class='ocrx_word' id='word_1_245' title='bbox 980 2209 1127 2251; x_wconf 88' lang='lat' dir='ltr'>eadem</span> <span class='ocrx_word' id='word_1_246' title='bbox 1159 2209 1263 2250; x_wconf 91' lang='lat' dir='ltr'>turri</span> <span class='ocrx_word' id='word_1_247' title='bbox 1294 2209 1384 2250; x_wconf 82' lang='lat' dir='ltr'>visa</span> <span class='ocrx_word' id='word_1_248' title='bbox 1428 2209 1470 2250; x_wconf 90' lang='lat' dir='ltr'>in</span> <span class='ocrx_word' id='word_1_249' title='bbox 1518 2223 1565 2250; x_wconf 94' lang='lat' dir='ltr'>eo</span> <span class='ocrx_word' id='word_1_250' title='bbox 1597 2212 1710 2262; x_wconf 85' lang='lat' dir='ltr'>orta,</span> 
     </span>
     <span class='ocr_line' id='line_1_28' title="bbox 97 2287 1711 2342; baseline 0 -15"><span class='ocrx_word' id='word_1_251' title='bbox 97 2300 178 2341; x_wconf 90' lang='lat' dir='ltr'>quo</span> <span class='ocrx_word' id='word_1_252' title='bbox 224 2287 270 2327; x_wconf 82' lang='lat' dir='ltr'>fit</span> <span class='ocrx_word' id='word_1_253' title='bbox 316 2290 362 2328; x_wconf 87' lang='lat' dir='ltr'>ut</span> <span class='ocrx_word' id='word_1_254' title='bbox 407 2287 570 2328; x_wconf 86' lang='lat' dir='ltr'>animus</span> <span class='ocrx_word' id='word_1_255' title='bbox 612 2287 662 2328; x_wconf 88' lang='lat' dir='ltr'>de</span> <span class='ocrx_word' id='word_1_256' title='bbox 708 2288 886 2328; x_wconf 87' lang='lat' dir='ltr'>veritate</span> <span class='ocrx_word' id='word_1_257' title='bbox 933 2288 1165 2341; x_wconf 88' lang='lat' dir='ltr'>imaginum</span> <span class='ocrx_word' id='word_1_258' title='bbox 1198 2287 1426 2328; x_wconf 90' lang='lat' dir='ltr'>diiudicare</span> <span class='ocrx_word' id='word_1_259' title='bbox 1458 2287 1611 2342; x_wconf 87' lang='lat' dir='ltr'>possit,</span> <span class='ocrx_word' id='word_1_260' title='bbox 1643 2287 1711 2327; x_wconf 87' lang='lat' dir='ltr'>vel</span> 
     </span>
     <span class='ocr_line' id='line_1_29' title="bbox 98 2364 1710 2420; baseline 0.001 -16"><span class='ocrx_word' id='word_1_261' title='bbox 98 2364 238 2419; x_wconf 92' lang='lat' dir='ltr'>potius</span> <span class='ocrx_word' id='word_1_262' title='bbox 279 2365 518 2419; x_wconf 89' lang='lat' dir='ltr'>opinionem</span> <span class='ocrx_word' id='word_1_263' title='bbox 556 2379 580 2406; x_wconf 86' lang='lat' dir='ltr'>a</span> <span class='ocrx_word' id='word_1_264' title='bbox 610 2365 912 2420; x_wconf 86' lang='lat' dir='ltr'>perspicuitate</span> <span class='ocrx_word' id='word_1_265' title='bbox 944 2366 1165 2419; x_wconf 85' lang='lat' dir='ltr'>seiungere</span> <span class='ocrx_word' id='word_1_266' title='bbox 1197 2365 1298 2417; x_wconf 80' lang='lat' dir='ltr'>(Cic.</span> <span class='ocrx_word' id='word_1_267' title='bbox 1331 2364 1462 2405; x_wconf 89' lang='lat' dir='ltr'>Acad.</span> <span class='ocrx_word' id='word_1_268' title='bbox 1494 2365 1619 2419; x_wconf 88' lang='lat' dir='ltr'>prior.</span> <span class='ocrx_word' id='word_1_269' title='bbox 1653 2365 1710 2405; x_wconf 88' lang='lat' dir='ltr'>II.</span> 
     </span>
     <span class='ocr_line' id='line_1_30' title="bbox 99 2441 1711 2497; baseline 0 -16"><span class='ocrx_word' id='word_1_270' title='bbox 99 2454 188 2496; x_wconf 86' lang='lat' dir='ltr'>cap.</span> <span class='ocrx_word' id='word_1_271' title='bbox 221 2441 342 2483; x_wconf 87' lang='lat' dir='ltr'>XIV.</span> <span class='ocrx_word' id='word_1_272' title='bbox 375 2441 436 2483; x_wconf 85' lang='lat' dir='ltr'>Of.</span> <span class='ocrx_word' id='word_1_273' title='bbox 467 2442 605 2483; x_wconf 90' lang='lat' dir='ltr'>locum</span> <span class='ocrx_word' id='word_1_274' title='bbox 637 2457 763 2497; x_wconf 88' lang='lat' dir='ltr'>supra</span> <span class='ocrx_word' id='word_1_275' title='bbox 793 2443 932 2494; x_wconf 71' lang='lat' dir='ltr'>laud).</span> <span class='ocrx_word' id='word_1_276' title='bbox 1002 2442 1212 2497; x_wconf 85' lang='lat' dir='ltr'>Epicurus</span> <span class='ocrx_word' id='word_1_277' title='bbox 1258 2442 1370 2483; x_wconf 88' lang='lat' dir='ltr'>enim</span> <span class='ocrx_word' id='word_1_278' title='bbox 1402 2442 1594 2482; x_wconf 79' lang='lat' dir='ltr'>distinxit</span> <span class='ocrx_word' id='word_1_279' title='bbox 1625 2442 1711 2497; x_wconf 91' lang='lat' dir='ltr'>opi-</span> 
     </span>
     <span class='ocr_line' id='line_1_31' title="bbox 97 2517 1710 2576; baseline 0.001 -17"><span class='ocrx_word' id='word_1_280' title='bbox 97 2518 243 2559; x_wconf 88' lang='lat' dir='ltr'>niones</span> <span class='ocrx_word' id='word_1_281' title='bbox 290 2517 448 2573; x_wconf 75' lang='grc' dir='ltr'>(δόξας)</span> <span class='ocrx_word' id='word_1_282' title='bbox 495 2523 538 2560; x_wconf 89' lang='lat' dir='ltr'>et</span> <span class='ocrx_word' id='word_1_283' title='bbox 568 2520 913 2575; x_wconf 89' lang='lat' dir='ltr'>perspicuitatem</span> <span class='ocrx_word' id='word_1_284' title='bbox 947 2521 1219 2576; x_wconf 75' lang='grc' dir='ltr'>(ἐνάργειαν);</span> <span class='ocrx_word' id='word_1_285' title='bbox 1266 2520 1424 2575; x_wconf 87' lang='lat' dir='ltr'>priores</span> <span class='ocrx_word' id='word_1_286' title='bbox 1455 2520 1551 2560; x_wconf 89' lang='lat' dir='ltr'>illae</span> <span class='ocrx_word' id='word_1_287' title='bbox 1583 2519 1710 2560; x_wconf 89' lang='lat' dir='ltr'>falsae</span> 
     </span>
    </p>
   </div>
   <div class='ocr_carea' id='block_1_3' title="bbox 96 2751 1712 2857">
    <p class='ocr_par' dir='ltr' id='par_1_4' title="bbox 96 2751 1712 2857">
     <span class='ocr_line' id='line_1_32' title="bbox 140 2751 1711 2794; baseline 0.001 -11"><span class='ocrx_word' id='word_1_288' title='bbox 140 2753 165 2793; x_wconf 76' lang='grc'>1&gt;</span> <span class='ocrx_word' id='word_1_289' title='bbox 212 2752 308 2784; x_wconf 88' lang='lat' dir='ltr'>Lucr.</span> <span class='ocrx_word' id='word_1_290' title='bbox 343 2751 400 2783; x_wconf 90' lang='lat' dir='ltr'>lV.</span> <span class='ocrx_word' id='word_1_291' title='bbox 433 2752 493 2785; x_wconf 87' lang='lat'>379</span> <span class='ocrx_word' id='word_1_292' title='bbox 518 2762 605 2794; x_wconf 86' lang='lat' dir='ltr'>seqq.</span> <span class='ocrx_word' id='word_1_293' title='bbox 630 2753 669 2786; x_wconf 90' lang='lat' dir='ltr'>D.</span> <span class='ocrx_word' id='word_1_294' title='bbox 692 2753 729 2784; x_wconf 87' lang='lat' dir='ltr'>L.</span> <span class='ocrx_word' id='word_1_295' title='bbox 754 2753 796 2785; x_wconf 88' lang='lat' dir='ltr'>X.</span> <span class='ocrx_word' id='word_1_296' title='bbox 824 2755 906 2787; x_wconf 82' lang='lat'>147:</span> <span class='ocrx_word' id='word_1_297' title='bbox 940 2754 977 2785; x_wconf 86' lang='grc' dir='ltr'>Εἰ</span> <span class='ocrx_word' id='word_1_298' title='bbox 1000 2754 1062 2786; x_wconf 84' lang='grc' dir='ltr'>τιν’</span> <span class='ocrx_word' id='word_1_299' title='bbox 1088 2753 1243 2793; x_wconf 78' lang='grc' dir='ltr'>ἐκβαλεῖς</span> <span class='ocrx_word' id='word_1_300' title='bbox 1268 2755 1385 2790; x_wconf 81' lang='grc' dir='ltr'>ἁπλῶς</span> <span class='ocrx_word' id='word_1_301' title='bbox 1409 2754 1567 2791; x_wconf 69' lang='grc' dir='ltr'>αἴσθησιν</span> <span class='ocrx_word' id='word_1_302' title='bbox 1590 2755 1644 2784; x_wconf 83' lang='grc' dir='ltr'>καὶ</span> <span class='ocrx_word' id='word_1_303' title='bbox 1667 2754 1711 2794; x_wconf 80' lang='grc' dir='ltr'>μὴ</span> 
     </span>
     <span class='ocr_line' id='line_1_33' title="bbox 96 2814 1712 2857; baseline 0.001 -11"><span class='ocrx_word' id='word_1_304' title='bbox 96 2814 274 2856; x_wconf 80' lang='grc' dir='ltr'>διαιρήσεις</span> <span class='ocrx_word' id='word_1_305' title='bbox 307 2817 344 2847; x_wconf 89' lang='grc' dir='ltr'>τὸ</span> <span class='ocrx_word' id='word_1_306' title='bbox 369 2815 588 2856; x_wconf 76' lang='grc' dir='ltr'><em>δοξαζόμενον</em></span> <span class='ocrx_word' id='word_1_307' title='bbox 610 2816 696 2846; x_wconf 83' lang='grc' dir='ltr'>κατὰ</span> <span class='ocrx_word' id='word_1_308' title='bbox 723 2818 759 2848; x_wconf 89' lang='grc' dir='ltr'>τὸ</span> <span class='ocrx_word' id='word_1_309' title='bbox 783 2815 975 2857; x_wconf 79' lang='grc' dir='ltr'>προσμένον</span> <span class='ocrx_word' id='word_1_310' title='bbox 999 2817 1050 2847; x_wconf 80' lang='grc' dir='ltr'>καὶ</span> <span class='ocrx_word' id='word_1_311' title='bbox 1077 2816 1114 2847; x_wconf 90' lang='grc' dir='ltr'>τὸ</span> <span class='ocrx_word' id='word_1_312' title='bbox 1139 2817 1250 2856; x_wconf 81' lang='grc' dir='ltr'>παρὸν</span> <span class='ocrx_word' id='word_1_313' title='bbox 1274 2816 1334 2854; x_wconf 82' lang='grc' dir='ltr'>ἤδη</span> <span class='ocrx_word' id='word_1_314' title='bbox 1359 2818 1444 2847; x_wconf 83' lang='grc' dir='ltr'>κατὰ</span> <span class='ocrx_word' id='word_1_315' title='bbox 1468 2817 1531 2853; x_wconf 76' lang='grc' dir='ltr'>τήν</span> <span class='ocrx_word' id='word_1_316' title='bbox 1554 2817 1712 2854; x_wconf 66' lang='grc' dir='ltr'>αἴσθησιν</span> 
     </span>
    </p>
   </div>
   <div class='ocr_carea' id='block_1_4' title="bbox 95 2877 1712 2920">
    <p class='ocr_par' dir='ltr' id='par_1_5' title="bbox 95 2877 1712 2920">
     <span class='ocr_line' id='line_1_34' title="bbox 95 2877 1712 2920; baseline 0.002 -12"><span class='ocrx_word' id='word_1_317' title='bbox 95 2879 149 2909; x_wconf 81' lang='grc' dir='ltr'>καὶ</span> <span class='ocrx_word' id='word_1_318' title='bbox 185 2879 225 2909; x_wconf 87' lang='grc' dir='ltr'>τὰ</span> <span class='ocrx_word' id='word_1_319' title='bbox 258 2878 353 2915; x_wconf 65' lang='grc' dir='ltr'>πάθη</span> <span class='ocrx_word' id='word_1_320' title='bbox 389 2877 443 2909; x_wconf 78' lang='grc' dir='ltr'>καί</span> <span class='ocrx_word' id='word_1_321' title='bbox 469 2880 584 2910; x_wconf 85' lang='grc' dir='ltr'>πᾶσαν</span> <span class='ocrx_word' id='word_1_322' title='bbox 607 2880 840 2919; x_wconf 81' lang='grc' dir='ltr'>φανταστικὴν</span> <span class='ocrx_word' id='word_1_323' title='bbox 864 2879 1035 2919; x_wconf 76' lang='grc' dir='ltr'>ἐπιβολὴν</span> <span class='ocrx_word' id='word_1_324' title='bbox 1059 2881 1119 2916; x_wconf 86' lang='grc' dir='ltr'>τῆς</span> <span class='ocrx_word' id='word_1_325' title='bbox 1142 2877 1309 2917; x_wconf 80' lang='grc' dir='ltr'>διανοίας,</span> <span class='ocrx_word' id='word_1_326' title='bbox 1336 2879 1552 2920; x_wconf 81' lang='grc' dir='ltr'>συνταράξεις</span> <span class='ocrx_word' id='word_1_327' title='bbox 1574 2880 1629 2911; x_wconf 80' lang='grc' dir='ltr'>καὶ</span> <span class='ocrx_word' id='word_1_328' title='bbox 1652 2881 1712 2917; x_wconf 85' lang='grc' dir='ltr'>τὰς</span> 
     </span>
    </p>
   </div>
   <div class='ocr_carea' id='block_1_5' title="bbox 40 2934 1711 2983">
    <p class='ocr_par' dir='ltr' id='par_1_6' title="bbox 40 2934 1711 2983">
     <span class='ocr_line' id='line_1_35' title="bbox 40 2934 1711 2983; baseline 0 -11"><span class='ocrx_word' id='word_1_329' title='bbox 40 2934 43 2937; x_wconf 43' lang='lat'>¹</span> <span class='ocrx_word' id='word_1_330' title='bbox 95 2941 216 2976; x_wconf 85' lang='grc' dir='ltr'>λοιπὰς</span> <span class='ocrx_word' id='word_1_331' title='bbox 249 2939 420 2978; x_wconf 66' lang='grc' dir='ltr'>αἰσθήσεις</span> <span class='ocrx_word' id='word_1_332' title='bbox 454 2944 495 2982; x_wconf 79' lang='grc' dir='ltr'>τῇ</span> <span class='ocrx_word' id='word_1_333' title='bbox 530 2939 657 2983; x_wconf 79' lang='grc' dir='ltr'>ματαίᾳ</span> <span class='ocrx_word' id='word_1_334' title='bbox 683 2940 774 2982; x_wconf 74' lang='grc' dir='ltr'>δόξῃ,</span> <span class='ocrx_word' id='word_1_335' title='bbox 812 2941 895 2973; x_wconf 79' lang='grc' dir='ltr'>ὥστε</span> <span class='ocrx_word' id='word_1_336' title='bbox 921 2944 957 2973; x_wconf 89' lang='grc' dir='ltr'>τὸ</span> <span class='ocrx_word' id='word_1_337' title='bbox 981 2941 1155 2982; x_wconf 79' lang='grc' dir='ltr'>κριτήριον</span> <span class='ocrx_word' id='word_1_338' title='bbox 1179 2942 1272 2972; x_wconf 79' lang='grc' dir='ltr'>ἅπαν</span> <span class='ocrx_word' id='word_1_339' title='bbox 1296 2941 1460 2982; x_wconf 77' lang='grc' dir='ltr'>ἐκβαλεῖς.</span> <span class='ocrx_word' id='word_1_340' title='bbox 1504 2941 1592 2972; x_wconf 81' lang='lat' dir='ltr'>Sext.</span> <span class='ocrx_word' id='word_1_341' title='bbox 1616 2942 1711 2983; x_wconf 86' lang='lat' dir='ltr'>Emp.</span> 
     </span>
    </p>
   </div>
   <div class='ocr_carea' id='block_1_6' title="bbox 96 3001 638 3041">
    <p class='ocr_par' dir='ltr' id='par_1_7' title="bbox 96 3001 638 3041">
     <span class='ocr_line' id='line_1_36' title="bbox 96 3001 638 3041; baseline 0 -8"><span class='ocrx_word' id='word_1_342' title='bbox 96 3003 168 3034; x_wconf 83' lang='lat' dir='ltr'>adv.</span> <span class='ocrx_word' id='word_1_343' title='bbox 195 3001 297 3034; x_wconf 83' lang='lat' dir='ltr'>Math.</span> <span class='ocrx_word' id='word_1_344' title='bbox 325 3003 411 3034; x_wconf 78' lang='lat' dir='ltr'>VIII</span> <span class='ocrx_word' id='word_1_345' title='bbox 428 3027 436 3041; x_wconf 86' lang='lat'>‚</span> <span class='ocrx_word' id='word_1_346' title='bbox 461 3005 638 3034; x_wconf 80' lang='lat'>203—216.</span> 
     </span>
    </p>
   </div>
  </div>
 </body>
</html>
