1894 3235
871 150 924 190 29

88 282 247 336 utitur,
279 282 429 338 quibus
460 282 659 323 adversus
689 282 954 324 Heraclitum
988 288 1029 324 et
1061 284 1164 324 alios
1194 298 1294 324 usus
1327 288 1412 324 est:
1447 283 1704 325 demonstrat

90 360 201 401 enim
246 374 387 402 eorum
435 361 692 413 doctrinam,
741 374 835 402 cum
877 366 948 402 aut
981 366 1140 403 atomos
1172 366 1213 403 et
1244 376 1423 402 vacuum
1456 375 1546 402 esse
1577 375 1704 416 nega-

88 442 209 491 rent,
242 442 284 478 et
315 452 369 478 ex
402 451 544 479 eorum
576 438 741 492 placitis
773 443 1018 493 sequeretur
1047 439 1153 480 nihil
1185 453 1207 480 e
1239 439 1370 480 nihilo
1402 439 1533 480 creari
1556 444 1628 480 aut
1651 439 1703 480 ad

88 514 193 554 nihil
224 515 357 569 redigi
388 529 508 570 posse
544 529 593 556 ea
622 529 727 570 quae
749 515 858 568 sint,
891 521 964 556 aut
985 520 1218 557 atomorum
1235 521 1428 558 naturam
1450 531 1533 557 non
1556 530 1702 570 agnos-

89 596 252 645 cerent,
285 606 378 633 cum
409 593 472 645 iis,
515 606 620 648 quae
658 593 867 647 probaret,
899 594 1116 648 principiis
1147 608 1230 635 non
1263 594 1489 634 convenire
1522 598 1563 634 et
1594 593 1702 634 hanc

89 669 139 710 ob
185 683 274 710 rem
305 675 479 711 naturae
511 684 654 711 veram
684 671 889 711 rationem
920 671 1177 711 subvertere.
1241 671 1323 712 Sed
1354 676 1496 712 nostra
1525 671 1702 712 interest

87 747 206 799 scire,
251 762 351 788 num
396 748 439 788 in
469 747 547 788 hac
594 748 846 789 refutatione
894 762 1057 803 quoque
1099 749 1322 789 Lucretius
1354 753 1569 790 auctorem
1601 763 1700 789 suae

88 824 299 866 doctrinae
331 830 496 867 secutus
527 826 602 877 sit,
641 841 694 866 311
735 840 833 867 vero
865 827 945 881 ipsi
976 826 1259 880 Anaxagorae
1293 826 1529 879 studuerit,
1562 826 1700 881 quod,

87 902 120 943 si
156 907 269 944 recte
300 903 468 958 quidem
499 904 707 956 vidimus,
757 918 779 945 9
812 904 1084 959 sequentibus
1114 904 1288 945 fortasse
1322 904 1501 945 discerni
1532 905 1700 959 poterit.

86 978 258 1034 Epicuri
299 980 561 1035 fragmenta,
611 995 715 1037 quae
764 981 815 1022 ad
861 995 934 1022 nos
966 985 1278 1036 pervenerunt,
1311 981 1416 1021 nihil
1449 981 1498 1022 de
1530 982 1702 1023 Anaxa-

85 1070 186 1111 gora
226 1057 436 1111 referunt,
484 1059 544 1100 ita
588 1064 634 1099 ut
679 1059 746 1100 hic
793 1073 957 1114 quoque
1004 1059 1128 1099 certis
1168 1058 1334 1099 indiciis
1367 1059 1473 1099 nihil
1505 1059 1701 1101 affirmari

85 1135 226 1189 possit.
289 1134 372 1176 Sed
403 1140 543 1176 tamen
575 1140 671 1176 sunt
702 1136 906 1191 quaedam
937 1136 1102 1176 indicia.
1165 1135 1338 1177 Constat
1371 1136 1496 1189 enim,
1529 1141 1699 1178 auctore

84 1213 255 1267 Diocle,
302 1214 532 1268 Epicurum
579 1227 633 1253 ex
674 1214 856 1268 antiquis
896 1214 1082 1254 maxime
1123 1213 1424 1267 Anaxagoram
1457 1215 1699 1270 amplexum

86 1305 198 1344 esse,
246 1292 323 1332 etsi
372 1292 415 1331 in
462 1291 710 1346 quibusdam
751 1291 813 1330 illi
859 1291 1162 1332 contradixerit
1190 1294 1226 1345 ¹).
1287 1292 1441 1332 Itidem
1486 1297 1603 1347 patet
1644 1307 1699 1334 ex

83 1369 228 1424 paucis
258 1369 539 1423 Anaxagorae
571 1369 667 1409 libri
697 1372 785 1423 περὶ
821 1371 981 1424 φύσεως
1014 1369 1282 1423 fragmentis,
1316 1383 1422 1425 quae
1454 1375 1699 1425 supersunt,

83 1446 216 1487 multa
261 1446 299 1487 ei
331 1446 567 1487 communia
598 1459 686 1486 esse
719 1460 812 1487 cum
844 1446 1049 1501 Epicuro,
1097 1447 1140 1486 in
1171 1447 1314 1487 multis
1346 1447 1472 1487 etiam
1505 1447 1616 1488 hunc
1648 1448 1700 1488 ab

83 1524 154 1565 illo
187 1524 352 1564 differre
373 1523 425 1577 ²),
471 1524 655 1565 maxime
687 1524 729 1564 in
762 1524 835 1576 iis,
868 1538 974 1579 quae
1006 1524 1058 1564 ad
1089 1529 1321 1565 atomorum
1352 1529 1546 1565 naturam
1574 1526 1701 1581 perti-

82 1606 196 1642 nent.
259 1601 574 1643 Constituamus
613 1615 711 1655 ergo
751 1602 849 1641 licet
896 1601 1167 1656 Gargettium
1201 1603 1328 1642 etiam
1361 1602 1615 1643 Clazomenii
1650 1603 1700 1644 de

83 1680 232 1720 atomis
275 1679 507 1720 doctrinam
555 1692 832 1734 oppugnasse.
895 1679 1016 1727 Quod
1057 1680 1089 1719 si
1138 1684 1321 1732 constat,
1358 1679 1463 1720 nihil
1496 1685 1557 1720 est
1589 1680 1698 1736 quod

83 1762 204 1811 cogat
233 1771 307 1797 nos
339 1757 532 1810 credere,
566 1757 811 1798 Lucretium
850 1757 980 1812 ipsius
1001 1757 1282 1811 Anaxagorae
1306 1758 1507 1812 scriptum
1524 1758 1699 1812 legisse,

82 1849 176 1875 cum
229 1849 335 1890 quae
386 1835 514 1876 refert
555 1849 609 1875 ex
656 1835 827 1890 Epicuri
879 1835 1075 1890 operibus
1115 1835 1282 1876 haurire
1325 1835 1523 1890 potuerit.
1586 1835 1697 1876 Eum

126 2008 147 2044 ¹)
195 2008 235 2039 D.
260 2008 296 2039 L.
322 2008 374 2046 X,
402 2010 451 2039 12.

123 2071 150 2107 ²)
198 2071 247 2102 Cf.
271 2070 419 2102 Mullach
441 2071 480 2101 fr.
504 2071 652 2111 Anaxag.
681 2073 717 2101 14
742 2071 872 2103 τούτων
896 2070 927 2102 δὲ
953 2070 1039 2102 οὕτω
1065 2069 1319 2111 διακεκριμένων
1341 2070 1518 2112 γινώσκειν
1536 2070 1622 2112 χρὴ,
1647 2072 1699 2103 ὅτι

83 2134 151 2175 (τὰ)
186 2135 301 2166 πάντα
337 2133 432 2166 οὐδὲν
465 2134 597 2166 ἐλάσσω
632 2134 702 2165 ἐστὶ
738 2133 812 2165 οὐδὲ
838 2135 940 2166 πλέω.
987 2134 1033 2165 Οὐ
1058 2135 1119 2175 γὰρ
1145 2134 1292 2165 ἁνυστὸν
1318 2135 1458 2165 πάντων
1482 2133 1572 2165 πλέω
1597 2135 1698 2166 εἶναι.

82 2198 173 2230 ἀλλὰ
197 2198 311 2230 πάντα
334 2199 388 2229 ἶσα
413 2198 475 2228 αἰεί
499 2196 547 2228 Cf.
573 2197 668 2228 Lucr.
694 2197 753 2235 ΙΙ,
787 2199 847 2227 303
871 2207 939 2238 sqq.
977 2197 1015 2227 fr.
1044 2198 1080 2229 17
1106 2199 1142 2229 τὸ
1167 2197 1196 2228 δὲ
1221 2198 1374 2238 γίνεσθαι
1402 2199 1455 2228 καὶ
1481 2198 1701 2228 ἀπόλλυσθαι

83 2260 141 2292 οὐκ
169 2262 276 2301 ὀρθῶς
310 2261 478 2299 νομίζουσι
514 2261 541 2291 οἱ
567 2258 735 2298 ἻᾺΧηνες
754 2270 759 2275 ·
778 2260 874 2292 οὐδὲν
898 2262 960 2301 γὰρ
994 2263 1107 2301 χρῆμα
1132 2259 1206 2291 οὐδὲ
1229 2259 1357 2301 γίνεται
1382 2260 1455 2291 οὐδὲ
1482 2261 1676 2291 ἀπόλλυται
1693 2285 1699 2293 ,

82 2324 159 2356 ἀλλ’
196 2323 264 2355 ἀπὸ
297 2323 420 2355 ἐόντων
455 2323 634 2364 χρημάτων
670 2321 884 2364 συμμίσγεταί
910 2334 943 2353 τε
967 2323 1021 2353 καὶ
1045 2320 1255 2363 διατρίνεται.
1304 2323 1366 2353 Καὶ
1396 2321 1502 2358 οὕτως
1526 2322 1569 2353 ἂν
1591 2323 1700 2362 ὀρθῶς

82 2389 217 2419 καλοῖεν
248 2386 286 2418 τό
316 2398 349 2418 τε
383 2384 536 2429 γίνεσθαι
563 2387 805 2427 συμμίσγεσθαι
829 2386 883 2416 καὶ
907 2386 944 2415 τὸ
969 2386 1187 2418 ἀπόλλυσθαι
1212 2383 1451 2425 διακρίνεσθαι.
1499 2384 1550 2415 Ab
1575 2394 1612 2416 eo
1634 2385 1699 2415 dis-

82 2453 214 2490 crepant
234 2449 314 2480 haee
336 2449 376 2480 fr.
401 2451 440 2480 5:
466 2449 502 2481 ἐν
525 2450 630 2480 παντὶ
653 2451 782 2485 παντὸς
805 2452 903 2488 μοῖρα
928 2448 1033 2479 ἔνεστι
1062 2448 1170 2486 (Lucr.
1196 2447 1213 2478 Ι
1229 2471 1237 2485 ,
1263 2449 1352 2485 876).
1391 2449 1485 2486 πλὴν
1510 2449 1608 2479 νόου·
1632 2448 1702 2479 ἔστι

83 2511 149 2543 οἷσι
172 2511 203 2542 δὲ
228 2513 280 2543 καὶ
305 2514 381 2548 νόος
403 2511 450 2542 ἔνι
475 2511 582 2549 (Lucr.
607 2511 624 2542 I
639 2535 646 2549 ‚
672 2512 752 2549 919,
778 2512 828 2541 20.
874 2510 980 2541 Locus
1002 2509 1055 2540 hic
1078 2520 1144 2541 non
1165 2513 1215 2540 est
1235 2509 1382 2549 integer:
1418 2508 1454 2540 in
1476 2509 1584 2540 animo
1607 2512 1696 2540 erat:

83 2573 111 2605 si
143 2573 240 2615 fingis
272 2573 421 2604 materiai
455 2584 586 2613 corpora
612 2573 760 2614 (atomos)
786 2571 948 2604 consimili
970 2576 1086 2603 natura
1109 2582 1177 2603 esse
1200 2571 1362 2611 praeditas
1383 2570 1480 2612 atque
1503 2582 1571 2602 rem
1593 2582 1634 2603 ex
1657 2571 1698 2603 iis

83 2636 313 2677 compositam,
348 2647 414 2668 non
435 2640 547 2677 potes,
583 2636 662 2677 quin
696 2646 804 2667 rerum
838 2635 985 2667 sensibus
1008 2634 1227 2675 praeditarum
1250 2638 1373 2666 atomos
1397 2645 1525 2675 quoque
1550 2634 1698 2666 sensibus

81 2699 243 2741 praeditas
277 2710 365 2737 esse,
404 2703 546 2731 statuas:
587 2699 673 2740 quod
706 2699 734 2730 si
756 2698 836 2730 facis
859 2702 996 2739 pereunt
1018 2697 1080 2729 tibi
1102 2697 1278 2738 primordia
1300 2708 1432 2735 rerum3
1457 2697 1535 2735 „fiet
1558 2697 1609 2728 uti
1630 2697 1699 2729 risu

82 2762 221 2794 tremulo
251 2772 406 2793 concussa
429 2761 622 2792 cachinnent
645 2765 676 2792 et
698 2760 840 2792 lacrimis
863 2761 955 2792 salsis
978 2764 1143 2792 umectent
1165 2770 1220 2791 ora
1242 2759 1450 2800 genasque'’:
1485 2764 1519 2790 at
1540 2763 1612 2790 tum
1633 2770 1699 2791 non

83 2824 222 2865 amplius
245 2823 461 2855 immutabilia
483 2828 559 2855 sunt
580 2823 753 2864 primordia
774 2834 900 2863 rerum,
924 2834 1028 2865 neque
1052 2823 1171 2859 solida;
1196 2833 1271 2853 nam
1294 2822 1405 2860 nervi,
1424 2821 1549 2853 viscera
1571 2821 1699 2863 aliaque

83 2887 152 2919 sine
175 2887 293 2929 quibus
314 2898 380 2919 non
402 2892 538 2928 possunt
560 2887 696 2926 sentire,
721 2891 798 2918 sunt
820 2887 946 2925 mollia3
972 2897 1048 2926 ergo
1071 2896 1144 2916 cum
1168 2885 1278 2916 mollia
1293 2884 1358 2915 sint
1375 2888 1407 2915 et
1422 2884 1593 2916 mutabilia
1608 2895 1698 2925 pere-

83 2954 140 2982 ant
161 2961 288 2992 quoque
310 2960 439 2994 necesse
461 2954 518 2982 est.
570 2952 672 2989 1021,
703 2950 762 2988 ΙΙ,
799 2951 860 2983 973
885 2949 967 2991 sqq.)
1001 2949 1039 2979 fr.
1067 2950 1125 2986 15,
1161 2949 1236 2980 οὔτε
1261 2949 1318 2979 τοῦ
1344 2949 1480 2988 σμικροῦ
1504 2946 1538 2988 γέ
1564 2946 1632 2979 ἐστι
1658 2947 1696 2978 τό

83 3025 118 3055 γε
143 3013 321 3055 ἒχάχιστον
351 3014 446 3045 ἀλλ’
481 3013 674 3045 ἔλασσον
706 3010 800 3043 αἰεί.
849 3011 954 3049 (Lucr.
980 3011 1020 3049 I,
1046 3010 1132 3051 844.)
