1894 3235
915 102 968 143 56

136 249 220 277 11011
260 249 382 291 posse
424 240 583 277 atomos
615 249 739 277 sensu
770 235 980 291 praeditas
1012 250 1130 278 esse:
1175 236 1371 292 quoniam
1402 235 1542 276 nullae
1573 249 1757 291 unquam

137 318 235 355 sunt
251 318 393 369 partes
415 318 668 366 atomorum,
687 327 862 369 quarum
885 313 984 355 ordo
1004 318 1190 355 mutatus
1212 313 1375 354 efficere
1399 312 1530 368 possit
1549 317 1597 354 ut
1618 312 1758 354 dolore

137 395 210 433 aut
240 392 458 447 voluptate
502 392 594 447 quis
635 391 839 432 afficiatur
877 390 915 441 ¹).
976 392 1170 448 Denique
1202 397 1397 448 repetens
1428 405 1553 447 quam
1583 405 1643 432 vs.
1677 392 1758 432 914

136 469 220 510 iam
261 470 470 525 expressit
511 469 832 523 cogitationem,
880 468 1141 511 adversarios
1182 469 1332 510 illudit.
1395 469 1438 511 Si
1476 469 1603 510 atomi
1635 482 1760 518 sensu

138 552 234 588 sunt
285 547 524 602 praeditae,
574 546 674 602 quid
722 551 811 587 tum
856 546 1073 588 hominum
1121 547 1468 602 primordiisest
1508 546 1759 602 proprium?

137 625 373 666 Primordia
398 629 465 677 „et
487 625 573 665 risu
596 625 775 665 tremulo
799 638 999 666 concussa
1021 625 1271 667 cachinnant
1293 630 1335 667 et
1356 625 1538 667 lacrimis
1560 628 1762 680 spargunt

137 703 377 744 rorantibus
399 716 470 743 ora
492 715 729 757 genasque,
763 702 979 758 multaque
999 702 1049 743 de
1067 716 1207 744 rerum
1226 704 1412 745 mixtura
1430 703 1566 744 dicere
1585 702 1760 756 callent,

139 784 181 822 et
214 780 293 821 sibi
330 794 531 835 proporro
565 794 671 836 quae
704 780 787 820 sint
818 780 1047 835 primordia
1077 782 1330 837 quaerunt''²
1342 783 1371 836 ).
1433 782 1623 823 Tandem
1653 781 1762 822 hane

137 862 301 914 partem
348 857 562 899 doctrinae
595 872 676 914 quo
709 871 834 913 saepe
865 859 998 899 utitur
1028 859 1151 900 modo
1184 860 1407 901 concludit.
1470 860 1643 901 Poetica
1673 862 1762 900 arte

138 939 434 990 argumentum
470 935 514 976 in
534 950 593 976 vs.
618 937 700 977 875
723 950 833 992 seqq.
857 937 1067 991 prolatum
1090 937 1261 978 uberius
1284 938 1483 993 exponit,
1516 937 1763 993 Euripidem

138 1025 316 1068 sequens
335 1028 342 1052 :
382 1012 578 1064 „caelesti
611 1027 753 1053 sumus
775 1027 919 1054 omnes
941 1013 1100 1055 semine
1123 1014 1286 1055 oriundi
1307 1029 1314 1055 ε
1348 1015 1540 1056 omnibus
1560 1015 1630 1055 ille
1652 1013 1764 1055 idem

138 1093 259 1145 pater
305 1093 368 1130 est
409 1090 608 1143 (eoelum)
657 1090 887 1145 eademque
918 1095 1065 1131 mater.
1126 1091 1271 1132 Atomi
1303 1105 1325 1132 e
1358 1096 1469 1132 terra
1500 1095 1690 1147 sumptae
1723 1094 1765 1132 et

137 1167 181 1208 in
213 1171 368 1210 terram
399 1172 544 1223 postea
585 1168 875 1223 recipiendae,
909 1183 1058 1224 corpus
1090 1174 1279 1210 nostrum
1312 1170 1598 1223 constituunt,
1645 1173 1692 1210 ut
1723 1169 1766 1211 id

138 1246 256 1287 nulla
285 1259 330 1286 re
363 1260 387 1286 a
406 1245 531 1286 rebus
552 1246 748 1287 inanimis
771 1246 1031 1287 discernatur
1058 1261 1183 1302 quam
1206 1251 1439 1288 atomorum
1463 1247 1606 1289 ordine
1626 1280 1635 1301 ,
1657 1247 1766 1303 posi-

138 1328 261 1378 tura,
303 1328 420 1366 motu
437 1322 465 1378 3)
498 1350 551 1355 —
598 1324 693 1366 Hoc
735 1325 780 1366 in
820 1325 926 1366 libro
969 1325 1099 1379 igitur
1130 1326 1366 1381 Epicurum
1399 1331 1595 1380 secutus,
1642 1330 1767 1382 poeta

140 1402 324 1444 ostendit
356 1417 437 1458 quo
468 1402 592 1444 modo
616 1403 756 1444 omnia
778 1417 831 1443 ex
854 1404 1001 1444 atomis
1020 1404 1102 1444 sint
1123 1403 1244 1445 facta.
1277 1404 1346 1445 Ad
1368 1404 1571 1445 mundum
1594 1404 1766 1460 eiusque

139 1480 433 1536 phaenomena
480 1481 732 1536 explicanda
771 1481 887 1523 nulla
933 1496 977 1523 re
1025 1496 1128 1537 opus
1160 1486 1222 1522 est
1253 1482 1333 1522 nisi
1359 1482 1509 1523 atomis
1539 1496 1767 1538 earumque

139 1559 347 1612 motibus,
385 1559 530 1611 „nulla
562 1559 735 1600 deorum
767 1559 957 1615 potentia
978 1574 1114 1616 neque
1137 1560 1429 1615 providentia,
1470 1574 1606 1616 neque
1628 1560 1767 1601 animo

140 1636 451 1677 immateriali.”
516 1635 672 1678 Omnes
718 1651 783 1678 res
830 1638 1144 1693 complexiones
1191 1643 1288 1679 sunt
1329 1642 1586 1691 atomorum,
1625 1652 1768 1679 01111105

141 1719 258 1756 aetus
299 1718 395 1755 sunt
435 1719 601 1768 motus,
649 1729 793 1756 01111105
839 1720 977 1756 motus
1021 1720 1162 1757 autem
1205 1730 1258 1757 ex
1306 1720 1539 1758 atomorum
1586 1716 1769 1757 motibus

141 1796 316 1848 possunt
358 1792 574 1847 explicari.
636 1793 793 1834 Multas
835 1793 1005 1849 quidem
1046 1807 1112 1834 res
1142 1794 1302 1834 moveri
1334 1793 1524 1835 videmus
1555 1797 1768 1850 tamquam

143 1884 219 1911 sua
250 1874 429 1926 sponte,
462 1874 677 1926 tamquam
709 1865 783 1911 5110
814 1874 948 1912 marte
980 1885 1171 1927 quaeque
1204 1875 1328 1926 agat:
1363 1875 1552 1913 attamen
1573 1872 1768 1914 fallimur.

142 1948 272 1990 Nulla
303 1952 366 1989 est
396 1948 460 1989 vis
491 1952 659 2003 praeter
690 1952 925 1990 atomorum
958 1953 1124 2003 motus,
1156 1963 1263 2005 quae
1285 1964 1506 2005 corporum
1528 1950 1580 1991 sit
1602 1949 1771 2006 propria

143 2038 277 2081 eaque
308 2028 492 2066 moveat.

188 2158 213 2201 ¹)
262 2158 390 2190 Codicis
423 2158 595 2190 lectionem
628 2162 740 2191 contra
774 2159 874 2190 Lach.
899 2163 1050 2191 tuemur:
1078 2169 1141 2191 non
1158 2162 1267 2191 tamen
1285 2158 1482 2191 assentimur
1498 2158 1608 2190 Munr.
1629 2158 1771 2190 dicenti:

144 2219 247 2252 Lach.
280 2220 339 2251 has
374 2230 392 2251 a
425 2223 510 2252 most
544 2220 679 2252 obscure
713 2225 809 2252 note:
844 2221 899 2252 the
923 2221 1002 2263 only
1033 2221 1128 2261 thing
1151 2221 1178 2252 it
1201 2221 1322 2263 clearly
1346 2220 1451 2252 shews
1474 2220 1501 2252 is
1524 2220 1597 2252 that
1618 2220 1659 2252 he
1682 2220 1772 2262 quite

144 2283 219 2315 fails
242 2287 276 2315 to
299 2283 484 2324 apprehend
507 2283 562 2315 the
585 2285 686 2324 poet's
703 2283 876 2325 meaning,
903 2284 999 2316 when
1023 2284 1063 2316 he
1078 2285 1171 2316 reads
1187 2284 1280 2316 here:
1302 2288 1477 2323 profluo-ea.
1524 2283 1656 2315 Lachm.
1674 2283 1773 2315 verba

145 2357 210 2378 non
245 2350 322 2378 sunt
353 2346 509 2378 obscura:
550 2346 585 2377 in
617 2357 654 2378 eo
677 2350 806 2378 tantum
830 2347 932 2378 falsus
956 2357 1024 2378 esse
1047 2346 1140 2378 nobis
1163 2346 1293 2378 videtur
1316 2347 1402 2387 quod
1424 2357 1472 2378 vs.
1498 2348 1666 2377 944—962
1688 2345 1773 2377 nihil

144 2410 233 2442 aliud
256 2420 325 2442 esse
348 2409 500 2450 opinatur
523 2419 620 2452 quam
643 2410 707 2441 duo
722 2411 829 2450 priora
845 2409 988 2441 membra
1004 2409 1260 2442 ratiocinationis
1277 2421 1284 2449 ;
1309 2413 1403 2451 pocta
1419 2409 1488 2441 sine
1504 2409 1603 2441 dubio
1619 2409 1772 2442 maiorem

147 2472 214 2504 vim
237 2472 278 2504 iis
302 2472 438 2504 attribui
459 2472 603 2505 volebat.

190 2535 216 2578 2)
263 2535 318 2567 Vs.
346 2537 406 2569 976
431 2546 518 2577 seqq.

190 2598 214 2636 3)
260 2598 316 2631 Vs.
352 2600 431 2630 1013
464 2602 497 2630 et
530 2609 618 2640 seqq.
653 2598 765 2639 procul
799 2598 898 2630 dubio
931 2599 1095 2638 pertinent
1128 2599 1168 2630 ad
1199 2598 1282 2630 hanc
1315 2598 1466 2631 carminis
1489 2603 1633 2640 partem,
1668 2609 1773 2640 neque

148 2664 258 2693 tamen
291 2672 350 2693 suo
383 2661 453 2693 loco
486 2672 591 2703 neque
621 2666 694 2702 apte
717 2673 736 2692 a
758 2666 853 2702 poeta
876 2666 953 2692 sunt
976 2661 1139 2702 adscripti.
1189 2662 1394 2694 Democritus
1418 2662 1483 2694 iam
1507 2662 1655 2702 exemplo
1676 2673 1773 2694 usum

149 2720 217 2757 esse
240 2725 423 2756 litterarum
447 2725 536 2756 vario
553 2725 663 2757 ordine
680 2731 712 2757 et
727 2725 797 2757 loco
808 2750 815 2763 ‚
835 2725 954 2766 quibus
969 2724 1039 2756 sint
1052 2725 1176 2766 positae
1189 2750 1196 2764 ‚
1214 2726 1309 2757 modo
1326 2725 1522 2757 comoediam
1537 2725 1631 2757 modo
1646 2728 1773 2766 tragoe-

149 2788 235 2819 diam
259 2788 539 2829 componentium,
564 2791 601 2820 ut
629 2788 806 2829 explicaret
831 2789 994 2829 quomodo
1017 2799 1056 2820 ex
1080 2792 1279 2827 atomorum,
1304 2789 1407 2820 forma
1423 2813 1430 2827 ,
1465 2788 1576 2820 ordine
1597 2811 1606 2827 ,
1629 2787 1774 2828 positura

151 2851 247 2893 (quae
269 2851 315 2883 ita
339 2851 509 2883 distinxit:
536 2852 679 2894 διαφέρει
703 2855 740 2885 τὸ
764 2852 824 2891 μέν
848 2857 872 2883 Α
900 2854 959 2883 τοῦ
985 2855 1014 2882 N
1039 2851 1187 2894 σχήματι
1206 2877 1214 2892 ,
1240 2856 1278 2886 τὸ
1301 2852 1333 2885 δὲ
1352 2856 1411 2885 ΑΝ
1429 2854 1487 2885 τοῦ
1512 2855 1572 2884 NA
1598 2853 1686 2889 τάξει
1702 2876 1710 2891 ,
1735 2854 1772 2885 τὸ

151 2913 183 2946 δε
201 2918 223 2945 Ζ
240 2917 299 2946 τοῦ
318 2918 346 2945 Ν
363 2915 464 2956 θέσει)
490 2914 599 2947 omnia
623 2915 710 2947 facta
732 2914 798 2946 sint
811 2939 819 2954 ,
844 2925 941 2956 supra
963 2914 1028 2946 iam
1051 2915 1260 2948 ostendimus.
