1921 3235
914 144 993 184 173

149 282 286 331 aetas,
331 281 425 333 post
459 281 637 318 mortem
680 291 786 332 quae
830 281 960 319 restat
1000 291 1178 333 cumque
1211 277 1446 320 manenda”
1475 282 1514 328 ¹).
1574 277 1762 319 Aeterna

147 354 276 396 animi
306 354 633 410 tranquillitate,
678 354 864 395 maximo
894 355 1003 396 bono
1033 355 1300 410 potirentur,
1349 355 1382 396 si
1414 354 1536 396 modo
1570 354 1760 398 viderent

152 432 237 485 „nil
281 431 399 472 αἰὶιιιῖ
443 431 519 472 sibi
558 435 757 472 natm-am
789 431 976 484 latrare,
1021 433 1105 473 nisi
1136 437 1211 486 ut,
1259 433 1325 473 cui
1355 446 1524 486 corpore
1553 433 1760 473 seiunctus

149 510 266 550 dolor
310 509 442 561 absit,
487 508 629 549 menti’
675 508 852 561 fruatur
886 510 1062 550 iucundo
1094 524 1245 563 sensu,
1294 524 1396 551 cura
1429 511 1601 551 semoz‘zc’
1633 514 1759 551 metec-

147 585 314 641 que''2).
374 586 495 634 Quod
524 586 558 626 si
590 586 719 627 semel
751 590 996 627 consecutus
1028 588 1137 639 eris,
1178 588 1367 642 reliqua,
1409 601 1516 643 quae
1547 587 1760 642 appellan-

148 667 216 704 tur
245 663 380 716 bona,
421 676 596 717 „gazae‚
628 663 852 716 nobilitas,
884 663 1017 717 gloria
1046 664 1194 718 regni'’
1226 678 1309 705 non
1338 664 1481 719 magni
1512 668 1608 705 sunt
1638 665 1761 706 aesti—

147 740 325 793 manda,
371 754 465 781 cum
509 740 570 780 nil
616 741 777 796 prosint
819 741 956 782 animo
988 755 1124 797 neque
1155 742 1318 797 corpori
1341 743 1384 796 ³).
1444 742 1605 783 Eodem
1635 742 1758 784 modo

147 817 354 873 Epicurus
386 832 594 858 summum
624 818 780 858 bonum
813 818 1013 859 definivit.
1067 821 1236 861 Τούτων
1267 821 1348 875 γὰρ
1382 819 1577 869 ἀπλανὴς
1607 823 1759 875 ἓέωρία

146 899 285 938 πᾶσαν
329 896 483 950 αἵρεσιν
523 899 585 937 καὶ
628 897 766 951 φυγὴν
808 897 1027 952 ἐπανάγειν
1071 894 1181 938 οἶδεν
1221 898 1283 938 ἐπὶ
1330 898 1405 946 τὴν
1451 901 1522 938 τοῦ
1567 897 1759 949 σώματος

148 973 304 1028 ὑγίειαν
350 976 411 1015 καὶ
459 975 535 1022 τὴν
577 980 650 1022 τῆς
694 976 834 1029 ψυχῆς
882 972 1134 1027 ἀταραξίαν,
1181 976 1262 1015 ἐπεὶ
1293 978 1416 1016 τοῦτο
1445 978 1520 1016 τοῦ
1550 977 1759 1030 μακαρίως

148 1050 224 1099 ζῆν
272 1052 354 1092 ἐστι
399 1050 548 1100 τέλος,
594 1053 743 1092 τούτου
789 1051 870 1106 γὰρ
910 1052 1035 1107 χάριν
1068 1051 1228 1092 ἅπαντα
1260 1053 1491 1107 πράττομεν
1523 1054 1637 1103 ὅπως
1667 1053 1758 1104 μήτ’

149 1126 343 1182 ἀλγῶμεν
373 1130 469 1179 μήτε
501 1125 722 1182 ταρβῶμεν
758 1140 767 1149 ·
813 1130 911 1169 ὅταν
944 1125 980 1168 δ’
1013 1125 1123 1174 ἅπαξ
1153 1132 1276 1169 τοῦτο
1307 1132 1395 1182 περὶ
1428 1130 1534 1179 ἡμᾶς
1565 1130 1758 1183 γένηται,

148 1203 286 1246 λύεται
333 1207 414 1255 πᾶς
447 1206 468 1245 ὁ
501 1211 573 1252 τῆς
605 1206 746 1260 ψυχῆς
778 1205 958 1260 χειμών,
1005 1205 1079 1246 οὐκ
1110 1205 1286 1259 ἔχοντος
1318 1209 1390 1246 τοῦ
1423 1204 1534 1260 ζῴου
1566 1203 1757 1259 βαδίζειν

149 1282 206 1330 ὡς
252 1280 498 1337 προςενὸέον
538 1301 573 1323 τι
615 1285 678 1324 καὶ
725 1282 860 1331 ζητεῖν
903 1283 1039 1336 ἕτερον
1072 1281 1103 1337 ᾦ
1144 1283 1190 1323 τὸ
1232 1289 1303 1331 τῆς
1335 1284 1477 1338 ψυχῆς
1509 1286 1571 1324 καὶ
1604 1284 1650 1324 τὸ
1681 1287 1755 1324 τοῦ

149 1360 339 1411 σώματος
385 1360 550 1414 ἀγαθὸν
592 1358 989 1414 συμπληρωθήσεται
1010 1361 1052 1411 4).
1114 1359 1158 1399 Si
1204 1359 1295 1413 quis
1340 1358 1418 1400 hoc
1451 1373 1658 1399 summum
1687 1359 1759 1400 bo-

147 1449 248 1476 num
279 1436 356 1476 sibi
387 1436 574 1491 quaerit,
607 1436 713 1477 bene
746 1445 787 1477 et
809 1437 917 1477 iuste
940 1436 1055 1476 vivat
1076 1450 1245 1477 necesse
1269 1440 1343 1477 est.
1377 1436 1487 1492 Ὅτῳ
1508 1439 1562 1489 μὴ
1586 1438 1760 1493 ὑπάρχει

148 1513 224 1562 ζῆν
255 1516 466 1568 φρονίμως
499 1517 561 1555 καὶ
595 1513 734 1562 καλῶς
766 1517 827 1556 καὶ
862 1512 1052 1562 δικαίως,
1086 1514 1160 1555 οὐκ
1191 1514 1273 1556 ἔστι
1304 1520 1456 1555 τοῦτον
1478 1512 1607 1562 ἡδέως
1629 1513 1760 1566 ζῆνό).

147 1589 278 1630 Parce
308 1590 424 1630 vivit.
490 1590 634 1641 „Quod
665 1590 699 1630 si
729 1591 819 1646 quis
850 1604 950 1631 vera
979 1590 1110 1631 vitam
1140 1590 1301 1631 ratione
1333 1590 1554 1644 gubernet,
1589 1590 1758 1632 divitiae

147 1667 325 1721 grandes
369 1667 529 1708 homiui
566 1672 662 1708 sunt
693 1668 836 1708 vivere
867 1681 991 1723 parce
1024 1681 1155 1723 aequo
1188 1668 1352 1708 animo:
1386 1681 1523 1723 neque
1555 1668 1666 1708 enini
1699 1672 1762 1709 est

146 1759 330 1800 unquam
375 1746 550 1800 penuria
580 1745 726 1801 parvi'’
751 1746 791 1799 ὕ).
855 1747 1011 1800 Χάρις,
1057 1745 1264 1800 Epicurus
1294 1746 1460 1801 inquit,
1507 1750 1557 1802 τῇ
1585 1750 1761 1802 μακαρίᾳ

148 1825 291 1878 φύσει,
334 1826 395 1865 ὅτι
425 1825 473 1865 τὰ
506 1825 708 1879 ἀναγκαῖα
741 1826 930 1873 ἐποίησεν
963 1824 1182 1877 εὐπόριστα
1203 1856 1213 1873 ,
1245 1826 1293 1865 τὰ
1327 1823 1367 1866 δὲ
1400 1822 1655 1877 δυσπόριστα
1687 1825 1761 1866 οὐκ

148 1900 362 1956 ἀναγκαῖα.
426 1904 471 1943 Εἰ
517 1900 668 1956 βούλει
709 1900 917 1943 πλούσιόν
947 1920 1036 1943 τινα
1068 1908 1256 1951 ποιῆσαι,
1305 1903 1359 1954 μὴ
1392 1904 1600 1957 χρήμασιν
1632 1920 1760 1957 προς-

147 1980 273 2027 riken,
304 1985 376 2026 τῆς
408 1976 448 2020 δὲ
479 1980 694 2030 ἐπιὲυμίας
726 1979 884 2033 ἀφαίρει
911 1977 952 2027 ἶ).
1003 1978 1198 2019 Honores
1231 1983 1272 2019 et
1302 1992 1478 2032 regnum
1510 1993 1594 2019 non
1625 1980 1758 2034 cupit:

153 2055 306 2106 „satius
350 2055 482 2095 multo
513 2055 596 2095 iam
628 2056 720 2108 (est)
752 2069 900 2110 parere
933 2056 1121 2110 quietum
1153 2070 1277 2110 quam
1308 2069 1455 2109 regere
1486 2056 1662 2111 imperio
1692 2070 1759 2097 res

148 2132 258 2173 velle
290 2139 331 2173 et
360 2146 490 2186 regna
522 2134 693 2173 tenere⁷'
717 2131 762 2186 ς“).
828 2133 1061 2188 „Epicurus
1092 2134 1176 2174 ait:
1209 2147 1292 2173 non
1324 2133 1494 2174 accedet
1520 2134 1573 2175 ad
1593 2148 1759 2189 rempu-

147 2209 300 2251 bh'cam
348 2211 539 2265 sapiens,
586 2210 666 2251 nisi
713 2210 746 2251 si
792 2211 890 2266 quid
935 2211 1287 2252 intervene1·it”0.
1348 2211 1548 2252 Amorem
1595 2213 1760 2267 sapiens

148 2287 320 2341 vitabit,
352 2288 547 2343 quoniam
577 2288 763 2329 animum
795 2288 1042 2342 conturbat,
1080 2302 1270 2344 „unaque
1305 2303 1372 2329 res
1402 2288 1506 2330 haec
1528 2294 1610 2343 est,
1642 2289 1760 2330 cuius

192 2510 217 2551 1)
265 2510 345 2542 III:
374 2511 453 2543 1070
477 2521 565 2552 seqq.

191 2573 219 2613 ²)
263 2573 322 2611 II,
349 2575 386 2604 16
410 2584 497 2615 seqq.

191 2635 217 2676 ³)
264 2635 323 2674 ΙΙ,
349 2637 387 2667 23
412 2646 503 2677 seqq.

192 2697 221 2738 ⁴)
263 2697 305 2729 D.
329 2698 368 2729 L.
391 2698 446 2737 X,
472 2700 542 2730 128.

192 2760 217 2801 ⁵)
263 2760 302 2793 D.
326 2761 365 2792 L.
389 2761 442 2799 X,
469 2763 542 2792 140.

191 2822 217 2864 ⁵)
263 2823 309 2862 V,
334 2825 415 2857 1117
439 2834 526 2866 seqq.
573 2824 622 2856 Cf.
646 2824 717 2863 VI,
742 2826 760 2855 9
784 2835 871 2866 seqq.
918 2825 978 2864 ΙΙ,
1011 2827 1050 2856 20
1075 2834 1162 2866 seqq.
1214 2836 1217 2837 ⁷

192 2883 216 2922 7)
262 2884 349 2916 Stob.
374 2884 485 2916 Florfl.
511 2886 570 2924 17,
594 2888 654 2924 23,
680 2889 719 2919 24
741 2886 795 2927 (Ι,
819 2888 900 2926 282,
932 2886 1001 2925 Μ).

191 2947 215 2984 8)
259 2947 311 2986 V,
337 2949 417 2980 1127
441 2958 528 2990 seqq.

192 3009 218 3051 ⁹)
266 3009 377 3042 Senec.
401 3011 440 3042 de
464 3010 538 3042 Otio
561 3010 636 3051 Sap.
661 3013 712 3042 30.
