1894 3235
914 93 994 133 128

141 241 230 269 esse
262 231 423 283 potest,
463 226 534 283 qui
566 226 626 267 ita
655 239 745 267 rem
778 226 986 282 exposuit.
1047 226 1154 279 Via,
1187 241 1313 282 quam
1344 227 1405 268 sol
1436 227 1479 268 in
1503 228 1618 269 coelo
1644 231 1763 283 quot-

143 306 263 348 annis
318 318 561 361 percurrere
603 303 797 357 videtur,
861 304 912 345 ab
960 305 1142 360 antiquis
1187 306 1435 346 astronomis
1480 306 1564 346 iam
1610 305 1766 347 indica-

142 384 267 425 batur
308 383 527 425 duodecim
568 382 958 423 constellationibus
1003 383 1090 423 sive
1123 383 1341 424 stellarum
1373 384 1581 436 catervis,
1615 384 1766 439 quibus

144 461 373 516 figurarum
421 459 682 516 quarundam
728 459 1048 500 similitudinem
1095 460 1337 501 tribuebant
1369 464 1411 501 et
1443 475 1545 516 quas
1575 459 1683 515 hanc
1714 460 1766 502 ob

144 553 233 579 rem
265 537 492 579 vocabant:
525 536 746 589 Arietem,
780 536 995 589 Taurum,
1029 537 1256 590 Geminos,
1291 538 1522 591 Cancrum,
1555 538 1766 592 Leonem,

145 616 396 670 Virginem,
458 614 657 666 Libram,
721 613 1020 668 Scorpionem,
1084 613 1386 668 Sagittarium,
1439 615 1766 670 Capricornum,

145 693 407 749 Aquarium,
447 692 602 733 Pisces.
646 691 723 732 Est
755 691 853 732 ordo
886 692 937 732 ab
961 705 1109 732 occasu
1131 692 1173 732 in
1195 697 1344 733 ortum.
1389 692 1596 740 Quoniam
1620 692 1768 734 horum

145 772 362 813 nominum
393 770 582 811 maxima
613 785 708 826 pars
740 770 939 811 animalia
969 769 1156 823 indicat,
1189 770 1402 811 zodiacum
1438 771 1639 812 circulum
1660 770 1768 813 hanc

145 850 242 891 solis
263 863 446 891 annuam
466 848 579 888 viam
601 848 885 903 appellabant.
919 847 1241 888 Anaximander
1265 847 1287 900 ¹)
1320 848 1384 895 (ab
1407 848 1500 889 aliis
1523 852 1664 889 autem
1686 848 1769 903 Py-

146 927 360 981 thagoras)
380 926 411 979 2)
436 925 587 966 dicitur
607 925 767 980 primus
784 924 908 965 huius
926 924 1082 965 zodiaci
1101 924 1244 965 circuli
1264 924 1553 980 obliquitatem
1571 925 1623 966 ad
1641 925 1770 966 circu-

145 1005 233 1046 lum
264 1004 613 1060 aequinoctialem
635 1004 889 1044 observasse.
914 1003 997 1044 Per
1014 1002 1117 1043 haec
1136 1003 1273 1057 signa,
1303 1018 1409 1058 quae
1426 1004 1769 1057 memoravimus,

146 1082 307 1138 autiqui
340 1082 437 1123 solis
463 1085 601 1122 locum
635 1081 677 1121 in
710 1081 824 1122 eaelo
854 1080 1026 1121 definire
1055 1084 1296 1135 coeperunt.
1344 1080 1432 1121 Nos
1459 1080 1582 1122 hodie
1605 1082 1678 1122 21⁰
1703 1080 1769 1122 die

145 1161 301 1202 mensis
318 1161 429 1202 Iunii
448 1160 578 1201 solem
595 1160 638 1200 in
656 1159 847 1201 Geminis
869 1159 1077 1211 videmus,
1111 1160 1184 1199 220
1205 1158 1271 1199 dic
1290 1159 1539 1200 Decembris
1561 1159 1604 1199 in
1633 1158 1771 1213 Sagit-

147 1240 285 1293 tari03
317 1239 550 1280 Democriti
584 1243 726 1279 tamen
759 1242 948 1293 tempore
981 1239 1053 1278 210
1087 1237 1153 1278 die
1186 1237 1304 1279 Junii
1326 1237 1385 1278 sol
1409 1237 1451 1278 in
1474 1237 1635 1278 Cancro
1656 1237 1771 1279 vide-

146 1317 291 1370 batur,
334 1318 407 1358 210
457 1316 523 1357 die
566 1315 814 1357 Decembris
845 1319 985 1356 autem
1016 1315 1059 1356 in
1092 1315 1372 1370 Capricorno,
1420 1316 1492 1356 200
1526 1315 1592 1356 die
1624 1315 1772 1356 Martis

146 1396 190 1437 in
233 1395 413 1448 Ariete,
461 1396 534 1435 23⁰
579 1394 840 1449 Septembris
887 1394 930 1434 in
967 1393 1123 1447 Libra,
1165 1407 1271 1449 quae
1304 1393 1384 1434 duo
1416 1397 1625 1449 postrema
1654 1393 1774 1447 signa

145 1475 256 1516 inter
302 1487 346 1514 se
389 1473 582 1528 opposita
629 1472 672 1512 in
709 1472 760 1512 iis
792 1471 957 1527 punctis
988 1471 1209 1523 iacebant,
1251 1471 1321 1512 ubi
1357 1471 1537 1512 circulus
1568 1470 1772 1512 Zodiacus

148 1552 349 1593 circulum
381 1549 734 1606 aequinoctialem
769 1553 882 1590 secat
901 1563 908 1589 :
943 1548 1093 1590 Cancri
1114 1549 1280 1603 signum
1303 1549 1432 1603 igitur
1454 1548 1771 1602 inveniebatur,

146 1629 220 1670 ubi
266 1628 477 1669 Zodiacus
519 1627 705 1668 maximo
751 1626 973 1667 intervallo
1010 1626 1339 1681 septentrionem
1385 1639 1530 1666 versus
1563 1640 1587 1666 a
1618 1625 1772 1666 circulo

146 1705 444 1763 aequinoctiali
489 1704 697 1758 distabat;
741 1704 1020 1759 Capricornus
1059 1703 1131 1744 ubi
1161 1704 1347 1745 maxime
1378 1703 1597 1744 meridiem
1629 1717 1773 1744 versus

147 1784 352 1826 Zodiacus
370 1783 590 1837 vergebat.
624 1781 823 1830 Quaestio
842 1786 982 1822 autem
1002 1814 1010 1834 ,
1032 1795 1156 1837 quam
1177 1781 1444 1822 Democritus
1467 1781 1629 1822 solvere
1652 1795 1773 1822 cona-

150 1867 219 1903 tur
238 1894 247 1916 ,
281 1865 344 1902 est
374 1860 503 1902 haec:
537 1860 609 1915 qui
640 1859 686 1900 fit
705 1892 713 1913 ,
746 1863 793 1900 ut
816 1859 877 1900 sol
908 1858 1005 1900 inde
1028 1873 1052 1899 a
1074 1860 1146 1900 200
1170 1858 1236 1900 die
1259 1859 1434 1912 Martis,
1466 1859 1539 1899 ubi
1561 1859 1604 1899 in
1625 1858 1773 1900 Ariete

149 1944 240 1994 est,
271 1940 315 1981 in
347 1938 506 1981 circulo
538 1937 867 1993 aequinoctiali,
900 1950 1030 1992 usque
1062 1936 1115 1978 ad
1138 1938 1233 1977 21“““
1267 1936 1377 1977 diem
1399 1936 1536 1989 Iunii,
1567 1950 1643 1992 per
1665 1936 1774 1978 Tau-

148 2033 241 2060 rum
274 2022 315 2059 et
349 2017 580 2070 Geminos,
621 2015 849 2057 adscendat
880 2015 932 2056 ad
964 2014 1194 2067 Cancrum,
1229 2013 1406 2067 deinde,
1439 2028 1570 2069 usque
1602 2013 1654 2055 ad
1677 2015 1773 2055 23⁸¹*

152 2097 265 2138 diem
313 2094 595 2151 Septembris,
640 2093 867 2135 descendat
908 2107 982 2149 per
1013 2093 1200 2134 Leonem
1232 2097 1274 2133 et
1305 2091 1527 2146 Virginem
1558 2105 1690 2147 usque
1722 2091 1775 2133 ad

150 2175 350 2225 Libram,
390 2174 433 2214 in
477 2173 631 2214 circulo
673 2171 970 2228 aequinoctiali
1013 2171 1162 2224 sitam,
1211 2175 1301 2211 tum
1342 2184 1486 2210 rursus
1518 2169 1774 2211 descendens

150 2267 226 2309 per
258 2252 529 2307 Scorpionem
559 2254 601 2292 et
624 2250 899 2305 Sagittarium
923 2251 995 2290 210
1020 2249 1086 2290 die
1107 2248 1353 2289 Decembris
1376 2248 1428 2288 ad
1450 2248 1773 2303 Capricornum,

150 2332 195 2373 in
240 2330 420 2372 brumali
465 2330 580 2370 flexu
612 2329 762 2382 situm,
807 2328 978 2380 veniat,
1027 2327 1205 2382 denique
1239 2340 1381 2367 rursus
1411 2325 1668 2368 adscendens
1699 2339 1774 2381 per

152 2407 387 2464 Aquarium
420 2410 462 2447 et
492 2406 665 2459 Pisces,
698 2406 771 2446 200
805 2405 871 2446 die
902 2404 1050 2446 Martis
1081 2417 1224 2444 rursus
1255 2403 1299 2443 iu
1329 2403 1504 2456 Ariete,
1544 2403 1586 2443 in
1618 2406 1773 2457 puncto

157 2484 455 2542 aequinoctiali
493 2483 785 2539 conspiciatur.
846 2482 940 2523 Hoc
961 2481 1282 2538 phaenomenon
1302 2481 1361 2522 ita
1383 2481 1519 2522 solvit.
1568 2480 1709 2522 Medio
1730 2481 1774 2521 in

153 2563 310 2606 mundo
357 2568 471 2605 terra
515 2561 717 2618 quiescit,
759 2561 812 2602 ab
859 2574 909 2602 ea
939 2560 1094 2601 distant
1127 2560 1323 2615 deinceps
1353 2560 1486 2601 auctis
1517 2559 1772 2613 intervallis,

153 2641 282 2695 luna,
328 2641 414 2694 sol,
460 2640 546 2681 fixa
576 2639 742 2693 sidera,
788 2639 929 2694 qualia
973 2643 1070 2679 sunt
1115 2635 1344 2692 Zodiaci3).
1406 2637 1512 2679 Cum
1544 2641 1686 2678 autem
1712 2640 1774 2678 to-

200 2856 223 2898 ¹)
270 2855 356 2887 Plin.
381 2855 470 2887 Hist.
494 2858 562 2887 nat.
587 2855 636 2887 11.
661 2857 680 2887 8
696 2879 704 2893 ,
729 2856 780 2887 31.

198 2917 226 2957 ²)
273 2917 361 2949 Plut.
384 2917 467 2958 plac.
493 2917 542 2949 II.
569 2919 617 2948 12.

198 2980 222 3019 ³)
268 2979 521 3012 Accuratissime
559 2978 862 3020 Pseudo-Origenes
897 2978 932 3009 in
967 2975 1273 3018 Philosophumenis
1299 2975 1409 3018 (quem
1431 2975 1539 3008 locum
1563 2974 1706 3007 Zellerus
1730 2973 1747 3006 Ι
1762 2997 1771 3013 ,
