1894 3235
869 131 919 170 73

87 261 292 317 Epicurus
336 264 445 304 inter
490 277 639 318 corpus
685 267 726 304 et
768 265 953 304 animum
994 277 1083 304 esse
1115 262 1322 316 decrevit,
1369 262 1543 317 quisque
1575 261 1696 302 facile

87 339 256 380 videbit.
318 339 458 380 Huius
502 340 657 380 vinculi
703 344 894 380 naturam
940 345 1081 381 autem
1113 340 1284 381 uberius
1314 339 1427 379 hisce
1459 338 1597 379 verbis
1630 337 1698 377 de-

87 417 251 472 scripsit
296 417 530 472 Epicurus:
578 418 754 470 (animus
801 422 921 458 extra
960 432 1107 473 corpus
1139 431 1283 458 sensus
1315 431 1397 457 non
1427 416 1602 469 habet),
1649 416 1698 456 οὐ

86 495 167 549 ’γὰρ
215 495 306 536 οἶόν
346 513 385 536 τε
420 501 529 536 νοεῖν
562 495 689 543 αὐτὴν
732 497 1036 547 αἰσθανομένην
1067 498 1120 548 μὴ
1154 497 1194 537 ἐν
1226 497 1357 550 τούτῳ
1388 497 1444 550 τῷ
1476 495 1700 544 συστήματι

86 578 175 622 ταῖς
207 576 384 620 κινήσεσι
415 574 579 622 ταύταις
611 590 856 627 χρωμενην,
889 575 988 613 ὅταν
1019 574 1067 613 τὰ
1091 571 1347 627 στεγάζοντα
1370 575 1431 612 καὶ
1458 571 1700 625 περιέχοντα

85 650 138 701 μὴ
169 649 319 690 τοιαῦτ’
350 649 373 705 ᾗ
404 651 445 690 ἐν
477 650 541 697 οἷς
576 653 651 690 νῦν
684 649 788 690 οὖσα
821 650 902 704 ἔχει
934 652 1084 698 ταύτας
1115 650 1190 698 τὰς
1225 651 1401 697 κινήσεις
1426 649 1479 701 ¹),
1512 646 1563 687 ad
1595 659 1700 701 quae

86 726 214 767 verba
244 727 371 767 etiam
402 727 608 767 referendi
640 732 735 767 sunt
766 741 844 767 vss.
876 728 1085 767 613—32.
1138 726 1376 767 Secundum
1397 725 1628 780 Epicurum
1661 726 1702 764 et

86 803 335 860 discipulum
380 804 624 845 Lucretium
670 819 768 859 ergo
814 805 977 845 animus
1018 817 1166 844 revera
1208 808 1270 844 est
1302 807 1435 844 totum
1468 801 1700 858 quoddam,

86 881 158 922 sed
204 885 360 931 totum,
392 881 500 936 quod
532 882 687 922 factum
720 886 782 922 est
814 896 868 922 ex
898 882 1098 922 materiae
1130 881 1279 922 atomis
1312 885 1353 921 et
1384 880 1491 921 hanc
1523 880 1574 920 ob
1607 893 1701 920 cau-

85 973 171 1000 sam
202 959 346 1000 interit
377 960 410 999 si
442 960 483 999 in
515 964 654 1014 partes
684 960 890 1013 frangitur
921 965 962 1000 et
995 959 1213 1012 dividitur3
1252 973 1346 1000 cum
1378 963 1518 999 autem
1550 958 1699 999 radici-

85 1036 182 1089 bus,
229 1040 441 1092 tamquam
472 1037 593 1077 arbor
625 1037 667 1076 in
698 1041 836 1089 terra,
879 1051 972 1077 cum
1004 1051 1175 1091 corpore
1209 1037 1261 1076 sit
1293 1040 1513 1077 concretus
1544 1040 1585 1076 et
1616 1049 1701 1076 una

86 1128 179 1155 cum
222 1128 391 1169 corpore
419 1120 623 1168 augeatur
655 1120 695 1155 et
728 1114 1019 1168 deminuatur,
1068 1120 1285 1169 rumpatur
1317 1118 1358 1155 et
1390 1113 1598 1154 dividatur
1629 1127 1700 1154 ne-

86 1206 199 1233 cesse
232 1197 293 1233 est
309 1225 319 1241 ‚
353 1207 447 1234 cum
478 1207 500 1233 e
524 1206 694 1247 corpore
715 1193 804 1233 exit
825 1191 871 1245 2).
934 1192 1040 1233 Cum
1061 1198 1203 1233 autem
1224 1193 1284 1233 ita
1305 1196 1536 1245 censerent,
1562 1205 1697 1247 neque

86 1269 366 1324 Pythagoreis
411 1283 547 1324 neque
592 1270 782 1310 Platonis
830 1269 1042 1325 discipulis
1074 1270 1410 1310 assentiebantur
1441 1283 1576 1324 neque
1607 1268 1703 1309 reli-

86 1346 205 1401 quis,
239 1347 308 1402 qui
351 1347 542 1387 similiter
573 1347 758 1387 animum
790 1351 925 1388 totum
957 1347 1165 1403 quoddam
1196 1361 1285 1388 esse
1317 1347 1599 1400 affirmabant,
1632 1346 1703 1387 sed

85 1438 110 1465 a
140 1425 341 1465 materiae
382 1429 532 1465 natura
562 1439 730 1480 prorsus
761 1426 967 1478 alienum,
1014 1425 1073 1466 ita
1103 1430 1149 1466 ut
1181 1439 1256 1480 per
1287 1439 1351 1478 se,
1400 1426 1487 1465 sine
1520 1425 1704 1480 corporis

86 1501 270 1555 auxilio,
317 1516 407 1543 esse
454 1507 496 1543 et
541 1516 665 1556 agere
712 1506 852 1557 posset
899 1507 940 1543 et
985 1516 1132 1543 revera
1178 1507 1275 1543 ante
1312 1502 1525 1543 hominem
1557 1506 1703 1543 natum

85 1578 231 1620 fuisset
278 1584 318 1620 et
360 1584 454 1634 post
499 1585 710 1621 mortuum
756 1594 831 1635 per
863 1594 905 1621 se
937 1580 1101 1621 futurus
1134 1584 1271 1634 esset,
1319 1595 1412 1621 cum
1444 1580 1705 1621 nascentium

86 1656 249 1711 corpori
280 1657 464 1712 perfecto
496 1658 660 1711 integer
691 1658 973 1698 insinuaretur
1005 1662 1046 1697 et
1067 1662 1329 1698 mortuorum
1351 1672 1502 1712 corpus
1522 1657 1705 1698 intactus

85 1732 354 1789 relinqueret.
387 1734 553 1774 Horum
574 1738 823 1788 argumenta
846 1738 887 1775 et
904 1739 1034 1775 totam
1053 1734 1283 1775 doctrinam
1306 1749 1400 1775 cum
1421 1734 1545 1774 nimis
1568 1738 1706 1774 essent

86 1810 278 1864 subtilia,
310 1812 455 1865 magni
479 1812 702 1852 aestimare
728 1812 799 1852 vix
819 1816 1036 1866 poterant,
1069 1826 1196 1867 quare
1217 1813 1260 1852 in
1280 1812 1531 1852 refutatione
1554 1826 1636 1851 non
1654 1810 1707 1852 ad

86 1888 255 1929 illorum
284 1889 497 1930 doctrinae
528 1890 733 1945 principia
753 1890 991 1943 redierunt,
1026 1890 1099 1931 sed
1120 1905 1145 1931 a
1166 1890 1251 1931 suis
1273 1890 1489 1945 principiis
1510 1889 1705 1945 profecti,

89 1979 132 2007 se
165 1980 257 2007 eam
287 1966 409 2008 facile
441 1981 686 2022 oppugnare
717 1982 839 2024 posse
871 1969 1108 2010 credebant.
1171 1969 1352 2010 Omnino
1385 1983 1479 2009 cum
1510 1968 1590 2010 arti
1623 1968 1707 2009 dia-

88 2044 261 2085 lecticae
308 2059 477 2100 operam
523 2046 682 2086 nullam
714 2046 861 2088 darent
892 2047 1119 2102 Epicurei,
1166 2047 1209 2087 in
1240 2061 1322 2102 qua
1352 2051 1494 2087 tamen
1526 2051 1614 2087 arte
1645 2060 1708 2087 ar-

90 2127 291 2175 gumenta
330 2122 519 2163 Platonis
561 2124 734 2179 eiusque
767 2124 932 2165 scholae
963 2125 1148 2165 maxime
1179 2124 1446 2178 nitebantur,
1493 2138 1708 2179 nunquam

90 2198 439 2240 Academicorum
485 2206 733 2255 argumenta
778 2206 874 2256 apte
905 2202 1162 2243 refellerunt.
1226 2202 1287 2243 Eo
1317 2203 1452 2256 magis
1483 2206 1624 2243 tamen
1657 2201 1709 2242 ad

89 2276 207 2330 vulgi
239 2278 456 2332 opiniones
489 2283 530 2319 et
563 2293 723 2320 errores
756 2280 1038 2320 confirmanda
1070 2284 1141 2320 aut
1175 2279 1458 2335 oppugnanda
1490 2293 1533 2320 se
1565 2284 1708 2320 contu-

91 2353 260 2407 lerunt,
304 2369 385 2410 qua
416 2356 460 2396 in
490 2370 535 2397 re
566 2357 789 2398 Lucretius
821 2372 985 2413 quoque
1018 2358 1193 2398 docilem
1228 2371 1271 2398 se
1303 2357 1495 2413 praebuit
1520 2357 1708 2412 magistri

92 2430 355 2486 discipulum.

147 2508 305 2550 Anima
336 2514 378 2550 et
410 2511 573 2551 animus
605 2512 731 2552 etiam
763 2513 796 2553 si
827 2513 985 2553 intacta
1016 2527 1163 2568 corpus
1193 2513 1351 2554 intrant
1382 2517 1523 2554 tamen
1552 2513 1596 2552 in
1615 2525 1708 2567 per-

90 2587 298 2628 manando
331 2602 407 2643 per
437 2590 625 2631 membra
657 2590 967 2644 dissolvuntur,
1005 2591 1127 2644 „dum
1160 2592 1277 2646 quasi
1308 2605 1382 2646 per
1404 2592 1543 2632 caulas
1565 2605 1709 2632 omnes

91 2663 291 2704 diduntur
336 2665 379 2705 in
410 2670 523 2707 artus
554 2668 811 2722 particulae,
858 2669 1009 2724 quibus
1042 2668 1145 2709 haec
1178 2669 1306 2709 animi
1337 2673 1487 2709 natura
1519 2672 1707 2723 creatur,

134 2807 159 2846 ¹)
205 2808 247 2839 D.
271 2809 309 2840 L.
334 2810 375 2840 X.
400 2811 450 2840 66.
477 2809 553 2842 Cod.
577 2810 690 2842 Leid.:
728 2812 813 2844 αὐτὸ
838 2811 1088 2852 αἰσθανόμενον
1111 2814 1155 2853 μή
1179 2813 1213 2843 ἔν
1239 2812 1345 2853 τούτῳ
1362 2814 1409 2854 τῷ
1432 2812 1619 2854 συστήματι
1635 2814 1709 2849 ταῖς

92 2872 239 2910 κινήσεσι
262 2872 403 2910 ταύταις
427 2875 606 2914 χρώμενον.
634 2874 727 2913 Cob.,
752 2874 942 2916 Menagium
960 2879 1106 2913 secutus,
1131 2877 1184 2906 καὶ
1203 2879 1276 2912 ταῖς
1294 2888 1354 2907 κιν.
1369 2899 1376 2913 ,
1402 2886 1466 2916 qua
1481 2875 1709 2907 coniunctione

91 2943 172 2974 opus
195 2945 263 2966 esse
286 2945 351 2966 non
374 2936 488 2967 video:
515 2937 692 2968 seeundum
716 2937 897 2978 Epicurum
920 2938 1109 2979 compositio
1131 2943 1238 2970 motus
1262 2938 1369 2970 efficit.

133 2995 160 3037 2)
207 2998 395 3037 578—612,
421 3001 599 3030 632—668.
