1894 3235
848 136 922 175 111

83 287 228 318 νοιαν,
274 282 397 323 quam
429 268 579 309 Latine
609 268 707 309 licet
737 269 1044 323 providentiam
1075 269 1243 323 dicere,
1275 283 1411 325 neque
1444 285 1543 312 vero
1573 286 1694 312 mun-

51 378 54 379 7
83 345 181 385 dum
210 346 347 400 ipsum
366 379 376 399 ,
409 347 545 386 animo
576 350 613 386 et
643 347 826 387 sensibus
850 348 1119 401 praeditum,
1164 348 1419 401 rotundum,
1452 349 1693 403 ardentem,

80 422 307 463 volubilem
353 422 494 475 (lemn,
540 427 736 477 portenta
767 428 809 463 et
840 424 1043 465 miracula
1072 439 1157 465 non
1189 424 1482 465 disserentium
1513 425 1694 480 philoso-

79 499 285 554 phorum,
332 500 404 541 sed
449 500 758 541 somniantium.
829 501 992 549 Quibus
1038 503 1150 542 enim
1191 485 1319 543 oculis
1362 503 1494 543 animi
1538 503 1694 545 intueri

78 577 215 631 potuit
257 582 396 618 vester
442 578 563 618 Plato
608 578 810 619 fabricam
840 580 955 620 illam
988 580 1095 620 tanti
1128 580 1291 635 operis,
1340 594 1422 635 qua
1453 582 1638 622 construi
1669 596 1694 623 a

79 654 155 695 deo
186 659 310 710 atquc
342 655 551 696 aedificari
586 656 789 697 mundum
819 657 917 698 facit
930 658 975 697 ?’'
999 659 1036 709 ¹).
1098 658 1436 699 Consentaneum
1467 663 1530 699 est
1561 660 1692 713 igitur

77 732 322 773 Lucretium
366 734 409 773 in
464 733 655 774 Platonis
717 734 904 775 doctrina
962 735 1193 776 refellenda
1246 749 1410 790 quoque
1461 735 1692 791 Epicurum

76 810 364 851 tantummodo
396 811 679 866 interpretari.

131 888 212 930 His
252 889 456 944 expositis
486 889 538 930 ad
569 890 703 945 quinti
735 890 831 930 libri
862 890 1029 930 initium
1060 890 1295 931 redeamus.
1357 891 1490 931 Poeta
1522 891 1691 932 demon-

73 970 278 1007 straturus
323 972 386 1008 est
429 967 633 1007 mundum
679 972 814 1008 totum
864 968 1085 1008 mortalem
1132 981 1222 1008 esse
1274 982 1410 1023 neque
1457 974 1689 1010 aeternum.

76 1045 315 1100 „Principio
361 1045 557 1100 quoniam
584 1045 711 1086 terrai
743 1059 892 1100 corpus
924 1050 965 1086 et
996 1060 1115 1086 umor
1146 1060 1426 1102 aurarumque
1458 1047 1573 1088 leves
1603 1049 1690 1089 ani-

72 1136 166 1163 mae
211 1122 418 1178 calidique
463 1137 667 1178 vapores,
715 1137 737 1164 e
784 1123 934 1178 quibus
964 1123 1068 1164 haec
1098 1137 1238 1164 rerum
1271 1125 1496 1165 consistere
1528 1139 1691 1167 summa

71 1200 262 1254 videtur,
295 1201 434 1241 omnia
464 1201 606 1241 nativo
639 1215 686 1241 ac
716 1201 884 1241 mortali
916 1215 1087 1256 corpore
1119 1211 1337 1254 constant,
1386 1202 1511 1243 debet
1543 1203 1689 1244 eodem

71 1279 205 1319 omnis
244 1278 389 1319 mundi
430 1284 580 1320 natura
610 1278 778 1333 putari⁷'
797 1280 843 1331 2).
906 1278 1191 1334 Quaecunque
1223 1284 1364 1320 autem
1395 1281 1538 1321 nativa
1569 1286 1687 1335 sunt,

70 1357 263 1404 mortalia
303 1357 430 1398 etiam
475 1371 564 1397 esse
607 1357 761 1398 debent
784 1354 829 1410 3).
893 1357 968 1398 Vs.
1016 1359 1213 1399 247—60
1247 1358 1503 1399 demonstrat
1533 1364 1689 1400 terram

71 1448 161 1475 esse
201 1435 443 1488 mortalem3
486 1434 638 1475 deinde
680 1449 739 1475 vs.
783 1436 980 1475 261—72
1022 1449 1173 1490 aquam
1209 1450 1294 1476 non
1324 1440 1539 1477 aeternam
1571 1451 1689 1491 esse,

69 1526 129 1553 vs.
163 1513 361 1553 273—81
396 1526 538 1553 aerem
570 1526 735 1567 semper
765 1513 941 1565 mutari,
974 1527 1074 1567 ergo
1105 1514 1324 1554 mortalem
1356 1528 1474 1568 esse3
1508 1514 1687 1571 denique

69 1604 129 1631 vs.
152 1592 377 1631 281—305
410 1590 547 1631 lucem
573 1590 751 1630 exitium
773 1605 857 1630 non
878 1605 998 1645 posse
1022 1591 1194 1632 evitare.
1257 1591 1412 1633 Omnes
1435 1593 1561 1633 etiam
1583 1608 1689 1649 quae

70 1668 315 1709 durissimae
363 1672 460 1708 sunt
506 1674 548 1709 et
593 1668 681 1709 fere
712 1674 916 1724 perpetuo
966 1669 1115 1710 durare
1146 1669 1345 1710 videntur
1374 1684 1441 1711 res
1473 1675 1689 1725 terrenae,

67 1746 240 1787 interire
284 1746 500 1787 videmus:
549 1760 622 1787 cur
663 1760 761 1800 ergo
801 1751 913 1787 terra
942 1748 1167 1787 maneret?
1226 1747 1420 1802 Denique
1453 1748 1487 1788 si
1518 1748 1686 1802 aether,

68 1824 178 1880 quod
222 1824 391 1880 quidam
436 1829 693 1878 memorant,
738 1830 931 1880 procreat
980 1839 1034 1865 ex
1085 1839 1128 1865 se
1176 1826 1315 1866 omnia
1344 1826 1576 1881 recipitque
1593 1840 1686 1881 per-

68 1906 236 1957 empta,
282 1903 409 1943 etiam
453 1903 640 1944 mortalis
681 1906 744 1943 est
764 1903 810 1956 4).
871 1903 1034 1944 Eodem
1087 1907 1208 1944 modo
1249 1904 1480 1959 Epicurum
1519 1905 1684 1945 ratioci-

66 1984 213 2021 natum
244 1994 334 2021 esse
365 1980 508 2021 videre
540 1981 640 2022 licet
672 1995 694 2021 e
726 1981 778 2022 D.
810 1981 859 2022 L.
892 1980 948 2021 X.
984 1982 1062 2021 74:
1106 1979 1237 2029 δῆλον
1271 1985 1347 2022 οὗν
1380 1982 1437 2030 ὡς
1469 1985 1530 2023 καὶ
1554 1985 1688 2038 φθαρ-

65 2061 164 2107 τούς
197 2068 294 2114 φησι
324 2062 422 2107 τοὺς
443 2060 625 2111 κόσμους
645 2091 656 2108 ,
685 2057 1044 2114 μεταβαλλόντων
1065 2061 1148 2100 τῶν
1169 2062 1304 2113 μερῶν
1321 2058 1364 2111 5).
1424 2058 1521 2100 Hae
1543 2064 1684 2114 partes

109 2253 130 2289 ¹)
178 2252 244 2284 Cic.
268 2253 306 2283 de
328 2255 394 2283 nat.
419 2252 504 2283 deor.
528 2239 569 2289 Ϊ,
595 2253 668 2283 818.

107 2315 133 2355 ²)
179 2315 236 2346 Vs.
261 2317 321 2346 235
346 2325 433 2356 seqq.

105 2377 131 2417 ³)
177 2377 296 2409 Itidem
316 2377 498 2418 Epicurus:
525 2378 612 2410 Plut.
629 2378 711 2419 plac.
730 2378 787 2417 II,
812 2382 852 2417 4,
877 2378 937 2416 „Et”
967 2379 1138 2420 ἆφᾶαρτος
1163 2379 1179 2410 ὁ
1196 2380 1336 2418 κόσμος”
1356 2377 1435 2410 dicit
1452 2389 1459 2409 :
1485 2380 1684 2420 Ἐπίκουρος

63 2443 231 2483 φθαρτόν.
257 2442 309 2474 ὅτι
331 2443 386 2473 καὶ
410 2443 570 2483 γενητόν,
595 2443 638 2479 ὡς
663 2444 769 2483 ζῷον,
794 2443 837 2479 ὡς
859 2443 974 2483 φυτόν.

107 2504 132 2544 ²)
177 2504 233 2535 Vs.
259 2506 439 2535 306—323.

104 2567 131 2607 ⁵)
177 2567 286 2598 Codex
308 2566 497 2599 Leidensis:
522 2567 651 2605 ἄδηλον
673 2568 732 2600 οὖν
755 2569 798 2605 ὡς
815 2569 867 2600 καὶ
885 2567 1079 2609 ἀφθάρτους
1095 2568 1172 2609 φησὶ
1191 2568 1268 2604 τοὺς
1284 2569 1426 2608 κόσμους
1441 2567 1679 2609 μεταβαλλόν-

62 2643 129 2662 των
152 2634 218 2662 τῶιι
241 2630 392 2670 ἡμερῶν.
417 2629 565 2668 ἄδηλον,
589 2631 802 2671 ἀφθάρτους,
826 2630 954 2671 ἡμερῶν
982 2630 1138 2661 mutanda
1162 2640 1230 2661 esse
1253 2629 1390 2671 quisque
1413 2630 1509 2662 facile
1532 2630 1677 2662 videbit:

61 2703 128 2724 non
155 2696 264 2724 tamen
286 2692 380 2724 video
404 2704 462 2724 cur
482 2692 580 2724 etiam
603 2693 679 2731 φησὶ
704 2693 918 2724 omittendum
942 2693 984 2724 sit
1007 2696 1039 2724 et
1063 2694 1207 2734 φθαρτοὶ
1231 2695 1345 2732 κόσμοι
1367 2693 1558 2734 legendum,
1594 2694 1680 2735 quod

61 2754 194 2797 plurimi
223 2754 359 2786 faciunt.
406 2755 532 2786 Deinde
553 2755 589 2786 in
611 2755 719 2786 codice
741 2760 922 2796 sequuntur
943 2755 1040 2786 haec:
1078 2756 1131 2786 καὶ
1155 2755 1190 2786 ἐν
1214 2756 1335 2792 ἄλλοις
1359 2758 1422 2793 τῆν
1445 2758 1510 2796 γῆν
1534 2757 1582 2796 τῷ
1607 2756 1680 2796 ἀέρι

60 2818 267 2859 ἐποχεῖσθαι.
313 2817 398 2849 Satis
421 2817 600 2849 dilucidum
621 2817 703 2849 mihi
725 2818 854 2849 videtur
875 2818 955 2849 haec
978 2817 1086 2850 omnia
1109 2828 1128 2848 a
1152 2817 1299 2858 Diogene
1321 2828 1361 2848 ex
1378 2817 1451 2848 aliis
1466 2817 1558 2848 libris
1572 2842 1580 2855 ,
1610 2817 1679 2849 sive

61 2881 136 2921 περὶ
160 2881 286 2922 φύσεως
303 2905 310 2919 ,
334 2881 401 2912 51το
424 2891 441 2912 e
464 2891 582 2921 magna
603 2880 743 2922 epitome
757 2905 764 2919 ,
793 2880 955 2921 adscripta
977 2891 1045 2912 esse
1068 2886 1101 2911 et
1123 2880 1163 2911 ad
1187 2881 1221 2911 ἐν
1237 2882 1358 2917 ἄλλοις
1375 2879 1594 2920 supplendum
1610 2890 1679 2912 esse

61 2949 150 2984 φησι.
196 2942 261 2979 Qui
288 2942 348 2974 hoc
370 2953 436 2974 non
458 2943 596 2984 probant
617 2944 673 2975 sed
694 2943 773 2974 haec
795 2943 894 2974 verba
916 2942 1058 2983 Epicuro
1080 2942 1144 2982 ipsi
1166 2941 1317 2980 tribuunt
1331 2967 1338 2980 ‚
1373 2952 1439 2973 non
1462 2948 1599 2983 possunt
1621 2953 1678 2983 po-

61 3009 212 3037 stremam
238 3006 329 3037 illam
352 3006 545 3038 sententiam
568 3017 641 3038 cum
664 3006 778 3038 ceteris
807 3005 854 3037 ita
888 3005 1104 3046 coniungere,
1144 3010 1181 3036 ut
1202 3016 1306 3037 nexus
1330 3004 1372 3037 sit
1389 3007 1599 3046 perspicuus,
1624 3006 1681 3037 sed
