1894 3235
898 162 976 202 166

128 295 243 337 Num
273 299 414 337 tamen
444 295 534 350 ipse
565 298 690 350 peeta
720 297 762 335 et
794 293 1004 350 Epicurus
1034 298 1168 336 certas
1198 299 1240 336 et
1271 295 1462 336 definitas
1493 294 1544 336 de
1566 293 1737 336 deorum

130 372 370 428 corporibus
415 371 641 413 habuerint
681 370 899 424 notiones,
946 370 1196 412 dubitamus.
1255 371 1477 413 Lucretius
1507 371 1639 412 canit:
1677 375 1737 412 te-

129 448 224 489 nuis
255 450 349 503 (est)
380 452 531 490 natura
562 447 686 488 deum
716 447 925 502 longeque
955 452 1116 490 remota
1147 449 1336 490 sensibus
1366 448 1418 490 ab
1439 448 1590 489 nostris
1610 447 1737 490 animi

128 526 203 568 vix
232 530 374 567 mente
404 525 598 566 videtur''
620 525 666 578 ¹):
699 524 803 565 haec
834 529 1038 567 naturane
1070 539 1124 566 ex
1154 526 1301 567 atomis
1332 526 1385 574 sit
1415 524 1545 578 facta,
1575 538 1736 577 necne,

129 617 213 644 non
245 602 356 644 dicit.
408 601 615 658 Epicurus
646 601 808 643 censuit
838 601 957 658 λόγῳ
994 600 1035 645 δὲ
1066 603 1226 653 πάντας
1256 605 1430 651 τούτους
1461 603 1572 655 (τοὺς
1602 601 1738 653 θεοὺς)

129 682 364 736 θεωρητοὺς
397 678 461 722 διὰ
491 681 566 729 τὴν
599 679 887 735 λεπτομέρειαν
917 686 989 729 τῆς
1020 682 1104 721 τῶν
1137 677 1320 722 εἰδώλων
1353 682 1514 735 φύσεως
1534 678 1577 731 ²).
1634 678 1739 719 Suas

129 756 287 798 habent
333 756 452 798 sedes
489 756 626 810 dei3),
673 770 780 812 quae
812 761 954 798 tamen
990 756 1166 809 „nostris
1198 756 1367 798 sedibus
1397 770 1487 797 esse
1519 756 1739 797 dissimiles

131 833 313 875 debent”
346 838 517 890 propter
549 834 784 874 divinorum
816 848 1036 889 corporum
1068 834 1316 875 tenuitatem
1336 834 1395 885 4);
1446 834 1653 890 Epicurus
1670 847 1739 874 eas

130 911 249 953 sedes
293 912 433 967 posuit
469 912 512 952 in
543 911 837 953 intermundiis
859 913 918 965 5),
951 925 1056 967 quae
1088 916 1229 953 tamen
1259 926 1284 953 a
1314 911 1510 953 Lucretio
1541 925 1624 952 non
1654 924 1739 952 mc-

128 993 356 1030 morantur.
418 989 598 1031 Omnino
631 994 756 1045 poeta
786 1003 921 1045 pauca
952 989 1060 1030 dixit
1091 988 1141 1030 de
1174 988 1278 1042 diis,
1310 989 1389 1029 nisi
1410 989 1481 1030 ubi
1513 987 1739 1030 adversarii

127 1066 346 1108 refellendi
378 1071 523 1108 erant:
562 1066 668 1108 duae
699 1071 864 1108 tantum
896 1071 992 1108 sunt
1022 1066 1264 1122 qualitates,
1297 1080 1403 1122 quae
1443 1080 1538 1107 cum
1570 1066 1738 1107 notione

127 1144 300 1186 deorum
330 1158 496 1200 semper
526 1145 643 1199 iungi
675 1145 856 1186 debent:
907 1145 1199 1186 immortalitas
1230 1149 1272 1185 et
1302 1144 1530 1186 beatitudo.
1592 1143 1741 1200 Impri-

126 1223 205 1264 mis
245 1226 387 1264 autem
417 1223 650 1265 cavendum
682 1228 745 1265 est
775 1238 828 1265 ne
861 1223 961 1280 quid
993 1223 1071 1264 diis
1102 1224 1362 1277 tribuamus,
1404 1223 1514 1279 quod
1544 1223 1595 1264 ab
1626 1222 1741 1263 hisce

127 1302 366 1344 notionibus
413 1302 597 1343 alienum
642 1303 722 1344 sit:
768 1304 842 1345 τὸν
890 1303 990 1344 θεὸν
1036 1302 1148 1358 ζῷον
1194 1302 1414 1358 ἄφθαρτον
1447 1306 1509 1344 καὶ
1540 1303 1741 1357 μακάριον

129 1379 313 1433 νομίζων
347 1413 355 1421 .
381 1412 389 1421 .
413 1411 421 1420 .
466 1382 597 1432 μηδὲν
626 1382 724 1433 μήτε
754 1386 826 1428 τῆς
858 1380 1096 1435 ἀφθαρσίας
1128 1379 1358 1435 ἀλλότριον
1389 1381 1485 1430 μήτε
1516 1386 1588 1429 τῆς
1617 1398 1741 1433 μακα-

128 1457 320 1512 ριότητος
381 1456 586 1499 ἀνοίκειον
631 1457 742 1513 αὐτῷ
785 1458 1025 1512 πρόσαπτε,
1072 1460 1156 1499 πῖιν
1202 1455 1243 1499 δὲ
1274 1457 1321 1499 τὸ
1363 1457 1582 1512 φυλάττειν
1614 1456 1741 1497 αὐτοῦ

130 1531 363 1587 δυνάμενον
407 1536 483 1584 τὴν
528 1535 609 1588 μετ’
656 1534 893 1590 ἀφθαρσίας
939 1536 1214 1591 μακαριότητα
1254 1537 1344 1589 περὶ
1376 1535 1502 1576 αὐτοῦ
1535 1531 1683 1582 δόξαζε
1699 1532 1742 1585 ⁰).

130 1612 267 1654 Multa
297 1612 355 1654 sic
386 1611 513 1653 dubia
542 1626 713 1654 manere
744 1613 919 1668 quisque
950 1612 1183 1667 intellegit,
1216 1612 1288 1653 sed
1309 1611 1507 1668 Epicurei
1539 1610 1743 1667 putabant

127 1832 395 1874 subpeditabatur
427 1832 526 1865 facies
560 1837 592 1866 et
614 1833 718 1865 forma
739 1834 909 1866 manebat’'
933 1834 974 1873 (V
987 1858 996 1874 ,
1034 1836 1113 1868 1175
1128 1858 1137 1873 ,
1171 1834 1244 1874 76),
1274 1833 1438 1866 communi
1459 1837 1589 1865 tantum
1611 1832 1743 1865 notione

129 1907 163 1929 se
197 1896 306 1929 animo
339 1896 522 1937 infigerent.
570 1896 620 1928 Cf.
654 1896 751 1929 Lucr.
786 1897 833 1936 V,
869 1899 950 1928 1169
985 1907 1073 1939 seqq.
1133 1896 1222 1929 Huic
1255 1896 1428 1928 Laertiano
1463 1896 1534 1928 loco
1569 1895 1744 1936 opponitur

129 1959 196 1992 Cic.
220 1960 259 1991 de
280 1962 348 1991 nat.
372 1960 458 1991 deor.
483 1959 519 1998 Ι,
555 1959 594 1998 Ι,
622 1961 676 1998 19,
701 1962 762 1991 49:
788 1959 972 2001 „Epicurus
997 1983 1004 1991 .
1023 1983 1030 1991 .
1050 1983 1057 1991 .
1081 1960 1175 1992 docet
1197 1969 1268 1991 eam
1289 1969 1358 1991 esse
1380 1958 1450 1991 vim
1473 1961 1507 1990 et
1527 1962 1645 1989 natura
1667 1958 1741 1989 deo-

127 2033 220 2061 rum,
255 2026 293 2054 ut
323 2022 465 2063 primum
493 2032 559 2054 non
590 2032 705 2061 sensu,
738 2023 793 2054 sed
823 2026 930 2054 mente
964 2025 1134 2061 cernatur,
1169 2033 1228 2054 nec
1261 2021 1424 2054 soliditate
1459 2022 1598 2064 quadam
1620 2032 1679 2054 nec
1703 2021 1743 2053 ad

127 2096 318 2124 numerum,
353 2089 392 2117 ut
425 2095 462 2117 ea
496 2095 580 2127 quae
612 2084 668 2117 ille
691 2088 821 2126 propter
843 2085 1029 2117 firmitatem
1053 2086 1227 2126 στερέμνια
1251 2085 1413 2127 appellat,
1445 2085 1501 2117 sed
1523 2084 1742 2126 imaginibus,

127 2147 343 2180 similitudine
365 2151 398 2180 et
419 2147 612 2180 transitione
634 2148 813 2189 perceptis3
839 2159 970 2189 cumque
992 2148 1122 2180 infinita
1145 2148 1395 2180 simillumarum
1418 2147 1598 2189 imaginum
1622 2147 1743 2188 species

128 2221 168 2243 ex
199 2210 492 2243 innumerabilibus
522 2211 702 2242 individuis
735 2213 870 2243 exsistat
905 2215 937 2243 et
970 2212 1010 2243 ad
1033 2222 1090 2243 nos
1116 2211 1176 2253 (ita
1199 2211 1304 2243 Zeller
1327 2221 1385 2252 pro
1408 2213 1450 2242 acl
1470 2212 1560 2250 deos;
1595 2210 1741 2242 Schoem.

129 2275 213 2307 Bait.
229 2286 247 2306 a
259 2274 324 2316 deo)
338 2275 461 2307 adfluat
472 2299 480 2314 ,
497 2285 571 2306 cum
583 2275 734 2306 maximis
747 2275 969 2316 voluptatibus
981 2275 1016 2306 in
1029 2285 1083 2307 eas
1095 2275 1253 2316 imagines
1266 2279 1406 2306 mentem
1418 2274 1576 2306 intentam
1592 2274 1743 2306 infixam-

128 2349 191 2381 que
224 2343 388 2378 nostram,
421 2338 677 2380 intellegentiam
709 2349 840 2379 capere,
870 2349 953 2380 quae
986 2338 1029 2370 sit
1051 2343 1082 2370 et
1105 2338 1199 2370 beata
1221 2343 1337 2369 natura
1360 2343 1391 2370 et
1414 2339 1574 2369 aeternas.
1621 2337 1684 2369 Sed
1707 2341 1745 2368 ut

128 2401 272 2442 saepius,
308 2401 355 2433 ita
387 2401 448 2433 hoc
479 2401 550 2433 loco
577 2411 725 2443 quoque,
762 2401 874 2433 Cicero
896 2400 1075 2442 Epicurum
1098 2411 1164 2432 non
1186 2400 1386 2432 intellexisse
1410 2400 1539 2432 videtur
1560 2399 1671 2442 itaque
1693 2410 1743 2432 res

128 2463 321 2503 conturbat;
347 2448 354 2459 ⁹
370 2463 511 2504 primum
556 2463 694 2495 alterum
728 2467 857 2495 tantum
888 2464 1021 2495 deorum
1066 2462 1314 2495 simulacrorum
1351 2473 1454 2504 genus
1467 2487 1475 2501 ‚
1511 2462 1605 2504 quasi
1638 2461 1743 2494 solum

129 2530 251 2567 exstet,
275 2529 524 2565 commemorat;
559 2525 675 2558 deinde
697 2525 805 2558 minus
828 2530 877 2558 est
899 2530 1087 2564 accuratus,
1123 2536 1197 2557 eum
1227 2525 1402 2567 στερέμνια
1424 2525 1622 2567 imaginibus
1644 2535 1742 2566 oppo-

128 2592 203 2628 nat,
241 2588 363 2621 oblitus
395 2589 569 2631 στερέμνια
606 2589 710 2621 videri
743 2600 809 2621 non
840 2599 933 2630 posse
966 2588 1030 2621 nisi
1063 2599 1120 2629 per
1154 2588 1334 2630 imagines:
1369 2588 1510 2631 denique
1543 2587 1612 2630 ipse
1640 2598 1743 2620 sermo

129 2653 285 2686 obscurus
308 2652 477 2685 confirmat
500 2652 686 2685 Ciceronem
711 2664 779 2685 rem
801 2664 867 2685 non
888 2652 1099 2694 perspexisse.

173 2716 196 2757 ¹)
242 2715 293 2754 V,
319 2717 388 2746 148.

172 2779 199 2821 ²)
247 2778 335 2811 Plut.
359 2777 381 2809 1.
405 2777 427 2809 1.

172 2842 199 2882 3)
243 2841 293 2880 V,
319 2842 390 2872 162.

174 2905 199 2946 ⁴)
246 2904 294 2943 V,
320 2906 390 2936 153.

173 2967 200 3010 ⁵)
247 2967 314 2999 Cic.
337 2968 377 2999 de
399 2966 464 2999 div.
489 2967 547 3007 11,
571 2969 623 2999 40.

174 3029 201 3071 ⁶)
246 3030 288 3062 D.
312 3030 350 3062 L.
376 3030 426 3068 X,
454 3031 521 3062 123.
