1894 3235
893 183 970 222 156

118 317 312 369 texeret,
358 319 526 357 coactus
572 318 636 356 est
677 314 877 367 „nimium
907 315 1043 369 longis
1073 314 1346 370 ambagibus''
1378 314 1431 356 ad
1461 315 1573 370 ipsas
1603 315 1736 370 expli-

118 393 305 434 cationes
335 393 451 435 adire
471 426 482 443 ‚
524 392 772 448 praesertim
804 406 899 434 cum
929 396 1139 434 metueret
1167 397 1215 433 ut
1245 392 1457 434 auditores
1489 406 1585 434 eum
1615 392 1737 434 intel-

117 469 321 524 legerent.
382 470 582 526 Epicurei
628 484 723 511 cum
768 469 875 510 nihil
921 483 1011 511 esse
1058 474 1225 525 praeter
1272 474 1433 511 atomos
1479 474 1520 510 et
1557 483 1737 511 vacuum

119 552 356 590 statuerent
403 553 445 589 et
477 561 622 589 omnes
653 548 696 588 in
727 547 806 589 hac
836 552 987 589 natura
1017 552 1192 602 agentes
1224 548 1323 589 deos
1355 553 1397 604 et
1429 548 1613 589 occultas
1643 547 1738 590 dae-

120 641 292 668 monum
322 627 433 668 vires
466 640 556 667 esse
587 630 816 680 negarent,
849 629 891 667 et
912 630 1054 667 tamen
1076 626 1288 682 explicare
1310 626 1510 668 deberent
1531 625 1737 682 quomodo

119 719 186 746 res
218 705 440 746 intervallo
462 704 665 745 distantes
685 708 831 745 mutuo
853 717 897 744 se
916 703 1130 745 afficerent
1152 708 1194 745 et
1215 708 1430 760 tamquam
1452 705 1562 746 inter
1583 718 1627 746 se
1649 708 1738 746 tan-

119 786 296 836 gerent,
343 782 461 838 quasi
507 782 639 823 coacti
685 786 804 823 erant
849 785 896 822 ut
940 782 1095 823 fluctus
1139 782 1340 823 materiae
1386 783 1473 823 sive
1504 788 1739 823 atomorum

117 863 323 914 perpetuo
369 872 392 900 e
423 859 549 900 rebus
580 872 776 900 emanare
809 858 1020 900 docerent.
1083 859 1233 912 Calor,
1281 873 1405 915 quem
1437 873 1566 915 prope
1597 859 1739 914 ignem

118 940 232 978 stans
263 937 412 990 sentio,
444 936 551 978 nihil
582 941 645 978 est
676 951 801 992 quam
832 937 984 977 fluctus
1014 936 1066 978 ab
1098 936 1197 990 igne
1228 941 1492 990 atomorum,
1537 937 1640 978 item
1670 936 1740 977 fri-

119 1027 219 1069 gus,
251 1014 379 1069 odor,
412 1015 553 1068 color,
591 1028 725 1070 sapor.
788 1014 969 1056 Omnino
1001 1028 1145 1055 omnes
1177 1028 1252 1055 eae
1285 1013 1535 1056 effluxiones
1567 1013 1741 1056 eaedem

119 1105 211 1133 esse
242 1092 440 1133 videntur
472 1092 544 1133 sed
575 1106 720 1133 earum
751 1092 925 1133 effectus
957 1091 1156 1132 differunt
1187 1091 1418 1132 secundum
1451 1106 1620 1146 sensus,
1651 1092 1740 1148 qui-

117 1170 196 1211 bus
240 1171 532 1226 percipiuntur
574 1171 650 1224 (vs.
694 1171 808 1224 984).
870 1170 1100 1212 Praeterea
1130 1169 1329 1210 differunt
1360 1169 1590 1211 secundum
1621 1174 1741 1211 natu-

116 1262 207 1289 ram
238 1262 379 1290 rerum
411 1263 435 1289 a
465 1248 616 1304 quibus
649 1248 839 1289 defluunt
870 1252 996 1303 atque
1029 1261 1077 1288 eo
1096 1280 1106 1300 ,
1145 1247 1256 1303 quod
1285 1248 1512 1289 nonnullae
1544 1262 1569 1289 a
1599 1261 1742 1304 super-

118 1324 240 1378 ficie,
273 1325 381 1367 aliae
414 1339 469 1367 ex
499 1326 699 1367 interiore
730 1339 871 1366 rerum
902 1329 1021 1380 parte
1052 1325 1279 1380 profluunt.
1340 1324 1471 1366 Hisce
1503 1325 1743 1381 praemissis

119 1403 192 1455 (vs.
217 1405 459 1458 921—935)
481 1418 604 1459 porro
625 1408 768 1445 monet
790 1408 917 1459 poeta
936 1403 1099 1444 nullum
1123 1417 1213 1444 esse
1236 1418 1386 1459 corpus
1409 1404 1512 1445 adeo
1535 1404 1741 1458 solidum,

118 1481 230 1537 quod
260 1481 375 1523 hisce
405 1482 602 1523 fluctibus
632 1481 938 1537 quodammodo
969 1481 1183 1536 penetrari
1214 1495 1299 1522 non
1330 1482 1460 1537 possit
1493 1488 1567 1533 (vs.
1602 1483 1741 1523 936—

118 1561 231 1609 958).
293 1559 458 1601 Deinde
505 1559 609 1601 haec
657 1560 808 1600 emissa
853 1560 1100 1615 corpuscula
1145 1574 1230 1601 non
1277 1574 1420 1602 omnes
1467 1560 1658 1601 homines
1700 1563 1742 1602 et

116 1638 273 1679 bestias
305 1638 452 1680 eodem
484 1638 607 1680 modo
639 1638 804 1680 afficere
838 1639 914 1692 (vs.
949 1639 1201 1692 959—978).
1256 1639 1450 1694 Denique
1483 1653 1566 1679 non
1597 1652 1742 1680 omnes

116 1730 182 1757 res
227 1717 375 1758 eadem
421 1716 584 1758 ratione
624 1716 819 1758 inanibus
863 1717 1050 1772 spatiolis
1082 1731 1172 1758 esse
1203 1717 1436 1772 permixtas
1467 1717 1527 1757 ita
1556 1720 1604 1757 ut
1633 1716 1741 1758 aliae

117 1794 211 1836 aliis
255 1795 453 1837 fluetibus
497 1799 774 1850 penetrentur
806 1796 883 1848 (vs.
917 1796 1173 1845 979—997).
1235 1794 1344 1835 Tum
1376 1794 1543 1836 demum
1574 1808 1640 1836 res
1671 1808 1742 1836 ex-

116 1873 309 1928 plicatur.
372 1873 441 1914 Ex
471 1877 670 1928 magnete
701 1877 744 1914 et
774 1887 797 1914 e
829 1873 938 1914 ferro
956 1906 966 1926 ,
997 1887 1127 1928 parvo
1149 1873 1370 1914 intervallo
1391 1873 1443 1914 ab
1465 1887 1514 1914 eo
1537 1872 1740 1926 distante,

117 1955 258 1992 aestus
305 1951 392 1993 sive
423 1952 575 1993 fluctus
605 1956 842 1993 atomorum
873 1956 1070 2004 emanat,
1103 1951 1177 1992 sed
1209 1965 1231 1992 e
1262 1955 1460 2006 magnete
1493 1950 1668 1992 crassior
1699 1955 1742 1992 et

117 2029 296 2071 validior
341 2044 466 2086 quam
513 2043 535 2071 e
580 2029 718 2071 ferro:
765 2029 833 2070 hic
880 2034 1021 2070 aestus
1054 2043 1108 2070 ex
1140 2034 1338 2084 magnete
1369 2043 1570 2070 emanans
1599 2042 1740 2070 aerem

118 2108 289 2149 discutit
321 2112 363 2149 et
393 2108 620 2164 propellit,
651 2108 712 2149 ita
742 2112 789 2148 ut
820 2108 946 2148 inane
987 2122 1170 2148 vacuum
1192 2108 1360 2148 existat.
1423 2106 1640 2155 Quomodo
1661 2105 1740 2148 hoc

116 2186 207 2227 fieri
239 2186 392 2242 possit,
424 2200 507 2227 11011
538 2186 808 2241 perspicuum
839 2189 925 2238 est,
958 2199 1055 2226 nam
1087 2185 1121 2226 si
1153 2185 1312 2226 semina
1343 2198 1365 2225 e
1397 2189 1593 2239 magnete
1625 2184 1740 2225 efflu-

116 2265 231 2305 entia
298 2277 439 2305 aerem
483 2264 726 2320 propellunt
771 2278 953 2305 vacuum
1000 2263 1183 2304 existere
1230 2276 1314 2303 non
1359 2266 1497 2317 potest
1543 2262 1740 2318 quoniam

116 2342 222 2383 haec
269 2343 430 2384 semina
474 2343 567 2384 loca
607 2342 873 2398 occupabunt
920 2341 971 2382 ab
1017 2341 1089 2382 illo
1135 2341 1294 2382 relicta.
1356 2341 1439 2382 Sed
1484 2345 1610 2396 poeta
1640 2340 1741 2382 dicit

115 2434 296 2461 vacuum
341 2421 431 2461 fieri
476 2421 587 2461 inter
632 2425 874 2475 magnetem
907 2424 948 2461 et
979 2419 1147 2460 ferrum.
1212 2419 1321 2459 Tum
1352 2418 1581 2474 primordia
1611 2417 1739 2472 ferri,

117 2512 224 2554 quae
270 2512 325 2539 ex
371 2512 419 2539 eo
463 2502 684 2551 emanant,
726 2497 868 2539 statim
911 2496 1066 2538 cadunt
1111 2497 1153 2537 in
1185 2511 1366 2538 vacuum
1397 2496 1501 2537 illud
1532 2501 1574 2537 et
1606 2500 1740 2537 totum

117 2576 273 2617 ferrum
319 2590 462 2617 secum
509 2576 691 2629 ducunt,
738 2575 849 2631 quod
896 2581 1116 2630 praeterea
1163 2575 1215 2616 ab
1262 2589 1359 2616 aere
1406 2579 1500 2630 post
1530 2573 1573 2615 id
1603 2574 1739 2615 locato

117 2654 367 2710 propellitur
415 2655 491 2708 (vs.
539 2654 826 2706 998—1041).
888 2652 1108 2693 Interdum
1140 2652 1296 2693 ferrum
1328 2667 1353 2693 a
1382 2652 1521 2707 lapide
1552 2650 1738 2704 recedit,

118 2746 212 2773 cum
269 2745 340 2773 aes
388 2731 682 2787 interpositum
735 2735 826 2783 est,
881 2744 979 2771 nam
1035 2731 1195 2771 semina
1250 2744 1305 2771 ex
1346 2743 1442 2771 aere
1488 2729 1740 2785 profluentia

116 2810 233 2865 prius
280 2810 323 2851 in
368 2810 466 2851 ferri
513 2810 717 2851 foramina
762 2813 987 2865 penetrant
1032 2823 1157 2864 quam
1202 2808 1412 2863 magnetis
1459 2812 1621 2861 aestus,
1667 2807 1739 2863 qui

117 2887 289 2941 deinde,
321 2888 425 2930 haec
457 2889 616 2929 semina
646 2888 913 2943 propellens,
936 2887 1059 2928 simul
1081 2887 1237 2928 ferrum
1258 2887 1301 2926 in
1322 2900 1402 2942 quo
1425 2890 1520 2926 sunt
1542 2884 1739 2941 propellit

116 2966 194 3019 (vs.
231 2967 540 3020 1042—1055).
601 2965 859 3018 Quaerenti,
897 2978 971 3006 cur
1002 2978 1086 3005 non
1118 2977 1263 3005 omnes
1293 2977 1360 3004 res
1381 2966 1622 3017 amagnete
1643 2975 1738 3018 pro-

114 3043 345 3100 pellantur,
379 3058 474 3085 cum
504 3048 646 3086 tamen
676 3046 882 3100 perpetuo
914 3056 968 3084 ex
1000 3056 1049 3084 eo
1080 3046 1222 3084 aestus
1254 3041 1328 3082 ille
1351 3041 1480 3094 fluat,
1512 3039 1738 3096 respondet

1867 2253 1894 3235 1
