1894 3235
942 102 996 142 90

157 234 425 288 florentibus,
456 235 777 291 peripateticam
807 234 1117 291 philosophiam
1145 234 1315 288 docuit,
1347 234 1585 276 invenimus
1605 235 1649 276 in
1669 235 1777 278 libro

157 312 338 353 secundo
369 317 460 367 περὶ
491 315 632 369 ψυχῆς
662 313 997 369 paragraphum,
1030 313 1096 354 cui
1129 313 1304 354 titulus:
1338 314 1447 367 πρὸς
1478 316 1575 364 τοὺς
1608 312 1672 356 διὰ
1703 321 1778 363 τῆς

157 393 240 432 τῶν
275 388 458 432 εἰδώλων
493 391 736 442 ἐμπτώσεως
766 392 814 432 τὸ
847 394 952 446 ὁρῖιι·
983 390 1203 446 λέγοντας.
1265 391 1383 431 Inter
1414 404 1486 443 ea,
1519 405 1625 446 quae
1645 391 1778 432 Alex-

158 468 288 509 ander
333 474 478 510 contra
521 468 827 523 Epicureorum
875 469 1105 509 doctrinam
1138 469 1286 522 affert,
1333 469 1437 510 haec
1469 469 1677 524 legimus:
1724 470 1779 513 ἔτι

157 550 248 598 πῶς
280 547 414 588 οἷόντε
445 550 519 588 τοῦ
552 544 828 598 διαστήματος
861 546 1084 601 ἀντίληψιν
1115 550 1330 602 γίνεσθαι,
1368 550 1398 590 εἰ
1431 549 1479 589 τὰ
1512 545 1665 591 εἴδωλά
1696 549 1780 590 ἐστι

157 624 204 665 τὰ
249 624 464 679 ὁρώμενα·
511 624 820 673 ἆνεπαίσθητος
866 625 948 679 γὰρ
997 625 1048 666 ὃν
1089 624 1260 680 λέγουσι
1291 628 1587 680 προεμπίπτειν
1620 628 1642 667 ὁ
1674 626 1778 681 ἆὴρ,

158 702 206 743 οὗ
239 705 289 757 τῇ
319 703 519 750 ποσότητι
551 702 596 743 τὸ
631 700 829 754 διάστημα
862 702 1198 757 ἀναμετρεῖσιῗῑαι,
1246 706 1287 742 et
1318 702 1458 756 paullo
1490 706 1611 757 post:
1658 702 1706 744 τὸ
1738 700 1780 745 δὲ

156 777 294 833 λέγειν
324 782 382 834 τῷ
417 782 537 835 ποσιξ
566 784 640 820 τοῦ
674 778 796 833 ἀέρος
829 784 902 820 τοῦ
932 777 1082 831 μεταξὺ
1114 783 1186 820 τοῦ
1219 797 1259 820 τε
1291 781 1526 834 ὁρωμένου,
1559 779 1627 835 ἀφ’
1650 780 1699 821 οὗ
1730 780 1780 822 τὰ

157 854 332 909 εἴδωλα,
380 860 442 898 καὶ
491 861 564 898 τοῦ
612 856 836 912 ὀφθαλμοῦ
867 858 943 905 τὴν
975 856 1199 910 ἀντίληψιν
1231 859 1420 911 ’γίνεσθαι
1452 861 1526 898 τοῦ
1559 855 1781 911 διαστήμα-

156 952 260 983 τος,
304 938 457 976 τοῦτον
498 935 580 991 γὰρ
613 936 694 976 ὑπὸ
726 939 800 975 τοῦ
834 932 1008 976 εἰδώλου
1039 935 1371 988 προωὲῑοΰμενον
1411 937 1705 989 προεμπίπτειν
1732 937 1782 990 τῇ

157 1012 259 1068 κόρῃ
299 1014 382 1067 πρὸ
429 1017 502 1054 τοῦ
536 1011 734 1061 εἰδώλου,
781 1013 958 1054 ἀτοπίαν
990 1010 1183 1063 οὐδεμίαν
1215 1009 1476 1066 ὑπερβάλλει
1507 1015 1593 1052 cett
1597 1043 1778 1052 .....

157 1092 326 1145 προσέτι
381 1091 429 1132 τὸ
481 1090 691 1141 πολλάκις
737 1095 943 1132 τοσοῦτον
991 1088 1171 1142 δέξεται7
1219 1089 1268 1131 οὐ
1327 1090 1408 1144 γὰρ
1461 1091 1556 1137 ἑνὸς
1606 1087 1780 1132 εἰδώλου

157 1169 354 1219 ἐμπτώσει
420 1169 467 1211 τὸ
533 1166 689 1224 ὑρᾶνῐ).
752 1168 817 1209 De
877 1167 1131 1222 imaginibus
1182 1168 1224 1208 in
1267 1167 1434 1222 speculo
1480 1167 1781 1222 apparentibus

158 1245 389 1301 Epicurum
430 1259 596 1302 quoque
642 1246 828 1287 locutum
871 1259 961 1286 essc
1012 1245 1204 1286 videmus
1236 1259 1257 1285 e
1290 1244 1507 1286 Plutarchi
1539 1245 1644 1300 plac.
1676 1244 1779 1300 phil.

157 1322 235 1364 IV.
286 1325 360 1377 14,
408 1324 481 1364 ubi
529 1323 653 1364 simul
698 1323 919 1377 docemur,
971 1337 1068 1364 eum
1108 1323 1217 1365 hauc
1263 1323 1495 1365 doctrinam
1536 1323 1711 1365 fortasse
1756 1338 1782 1366 a

160 1400 402 1442 Democrito
445 1401 698 1456 sumpsisse:
762 1403 1051 1457 Δημόκριτος,
1099 1402 1349 1456 Ἐπίκουρος
1394 1402 1470 1449 τὰς
1508 1402 1782 1456 κατοπτρικὰς

160 1480 352 1534 ἐμφάσεις
397 1483 620 1536 γίγνεσθαι
667 1479 750 1522 κατ’
781 1478 966 1522 εἰδώλων
1013 1480 1289 1530 ὑποστάσεις,
1337 1479 1454 1520 ὅτινα
1485 1481 1678 1534 φέρεσθαι
1707 1482 1781 1531 μὲν

157 1557 226 1613 ἀφ’
273 1559 407 1611 ἡμῶν,
460 1560 735 1600 συνίστασὲῑαι
782 1556 822 1600 δὲ
870 1559 931 1599 ἐπὶ
963 1563 1038 1599 τοῦ
1071 1559 1305 1612 κατόπτρου
1337 1556 1435 1599 κατά
1467 1558 1542 1606 τὴν
1574 1556 1782 1611 ἀντιπερι-

157 1637 346 1690 στροφήν
369 1635 412 1687 2).

216 1712 321 1754 Cum
368 1713 427 1754 ita
469 1713 775 1754 ostenderimus
816 1718 984 1768 poetam
1025 1713 1194 1765 omnia,
1242 1725 1350 1768 quae
1382 1712 1435 1753 ad
1465 1713 1579 1753 visus
1611 1726 1781 1754 sensum

157 1791 456 1846 explicandum
473 1790 658 1846 proferat
675 1805 699 1831 a
716 1791 917 1845 magistro
936 1790 1162 1846 sumpsisse
1182 1823 1191 1843 ,
1215 1804 1298 1831 non
1315 1804 1466 1845 operae
1489 1790 1672 1845 pretium
1689 1804 1781 1832 esse

156 1868 278 1909 nobis
313 1867 482 1909 videtur
513 1868 675 1924 reliqua
706 1882 813 1923 quae
846 1867 896 1908 de
927 1868 1100 1924 reliquis
1121 1868 1312 1909 sensibus
1330 1867 1591 1923 explicandis
1608 1872 1780 1922 narrat,

154 1946 326 1987 uberius
370 1960 605 2001 exponere,
647 1960 785 2002 neque
827 1960 922 1987 cum
953 1946 1144 2000 magistri
1177 1945 1367 1987 doctrina
1398 1945 1600 1987 conferre.
1663 1949 1778 1993 Quae

201 2172 224 2209 ¹)
272 2171 321 2202 De
344 2181 454 2208 aeres,
490 2170 545 2212 qui
578 2174 626 2201 est
657 2169 743 2201 inter
773 2179 823 2201 res
859 2169 1027 2209 adspectas
1063 2173 1095 2200 et
1128 2167 1281 2206 oculum,
1314 2168 1520 2200 Democritus
1543 2179 1594 2209 ap.
1618 2168 1779 2210 Theophr.

156 2236 230 2274 περὶ
256 2235 460 2272 αἰσθήσεως,
487 2236 549 2265 5οτ
575 2235 660 2274 ὁρᾶν
683 2234 743 2274 μὲν
767 2233 826 2264 οὖν
850 2236 938 2265 ποιεῖ
962 2235 1004 2274 τῇ
1028 2233 1160 2273 ἐμφασει
1176 2241 1182 2248 “
1207 2231 1339 2270 ταύτην
1364 2231 1484 2268 δ’ἰδίως
1509 2231 1594 2274 λέγει
1612 2242 1618 2247 ·
1637 2234 1701 2271 τὴν
1716 2234 1779 2275 γάρ

156 2298 298 2339 ἔμφασιν
329 2298 389 2330 οὐκ
415 2298 515 2334 εὐθὺς
539 2299 574 2329 ἐν
599 2300 641 2339 τῇ
664 2299 746 2338 κορῇ
771 2294 921 2338 γίνεσΞ-αι
937 2320 944 2334 ,
979 2296 1072 2327 ἀλλὰ
1096 2297 1155 2326 τὸν
1177 2295 1259 2335 ἀέρα
1285 2297 1344 2328 τὸν
1367 2297 1490 2336 μεταξὺ
1515 2298 1575 2334 τῆς
1597 2295 1703 2336 ὄψεως
1725 2297 1781 2328 καὶ

155 2363 214 2392 τοῦ
239 2360 404 2401 ὁρωμένου
429 2361 619 2392 τυποῦσθαι
636 2385 642 2397 ,
669 2360 936 2399 συστελλόμενον
963 2358 1027 2391 ὑπὸ
1052 2360 1110 2390 τοῦ
1136 2359 1302 2399 ὁρωμένου
1326 2359 1381 2389 καὶ
1405 2361 1464 2390 τοῦ
1489 2360 1645 2400 ὁρῶντος.

198 2424 225 2466 ²)
274 2424 346 2456 Hoc
362 2428 562 2465 postremum
578 2422 774 2455 vocabulum
791 2422 1027 2464 quodammodo
1043 2427 1091 2453 est
1107 2421 1296 2462 ambiguum
1309 2446 1316 2459 ‚
1341 2422 1397 2453 sed
1412 2426 1521 2453 tamen
1537 2421 1616 2454 satis
1631 2421 1706 2454 inde
1722 2432 1779 2465 ap-

154 2492 245 2528 paret
261 2487 439 2528 Epicurum
456 2486 561 2518 simile
574 2486 652 2528 quid
668 2490 765 2527 atque
782 2485 972 2517 Lucretium
988 2485 1146 2516 docuisse.
1172 2484 1286 2516 Nihilo
1302 2484 1410 2516 minus
1425 2489 1534 2516 tamen
1549 2486 1636 2526 apud
1651 2485 1779 2518 Macro-

156 2550 246 2582 bium
266 2551 410 2591 (Satum.
428 2550 485 2581 lib.
502 2549 584 2581 Vn.
602 2559 670 2590 cap.
692 2552 739 2580 14.
757 2550 799 2591 T.)
814 2549 875 2580 hoc
892 2548 1034 2589 Epicuro
1046 2548 1204 2580 obicitur:
1232 2548 1348 2586 „cuius
1361 2548 1507 2588 opinioni
1522 2552 1683 2589 repugnat
1694 2549 1780 2590 quod

155 2614 190 2645 in
205 2613 345 2654 speculis
360 2612 468 2654 imago
484 2613 619 2644 adversa
635 2611 921 2652 contemplatorem
938 2622 1034 2642 suum
1051 2610 1182 2651 respicit
1197 2622 1202 2642 :
1230 2622 1304 2642 cum
1320 2610 1435 2643 debeat
1445 2635 1452 2649 ‚
1477 2610 1638 2653 siquidem
1653 2621 1672 2642 a
1686 2610 1780 2643 nobis

155 2681 225 2709 orta
258 2680 345 2708 recto
377 2680 487 2707 meatu
516 2674 752 2716 proficiscitur,
786 2679 946 2715 posteram
983 2674 1034 2705 sui
1063 2678 1206 2715 partem,
1243 2684 1316 2705 cum
1339 2673 1494 2712 discedit,
1530 2674 1718 2713 ostendere,
1743 2677 1780 2706 ut

155 2739 248 2771 laeva
281 2740 407 2771 laevam
441 2740 574 2771 dextera
606 2739 771 2770 dexteram
805 2737 966 2778 respiciat.
1013 2738 1099 2769 Nam
1131 2742 1163 2769 et
1186 2736 1301 2768 histrio
1323 2747 1493 2778 personam
1517 2735 1580 2768 sibi
1602 2737 1780 2768 detractam

155 2813 195 2834 ex
218 2813 256 2834 ea
277 2806 368 2843 parte
390 2802 480 2834 videt
502 2812 566 2843 qua
588 2801 713 2839 induit,
737 2801 861 2833 scilicet
882 2811 947 2833 non
971 2800 1086 2832 faciem
1110 2801 1165 2832 sed
1187 2799 1398 2841 posteriorem
1421 2799 1626 2831 cavernam.”

201 2865 324 2897 Mirum
358 2875 486 2907 quoque
509 2869 557 2897 est
581 2864 785 2897 Macrobium
809 2864 919 2896 eadem
943 2864 992 2895 uti
1014 2863 1178 2904 imagine,
1210 2873 1274 2904 qua
1297 2863 1469 2894 Lucretius
1491 2873 1538 2893 vs.
1565 2863 1626 2893 ‘296
1649 2861 1754 2894 utitur
1768 2886 1776 2901 ‚

156 2939 230 2960 cum
252 2933 361 2960 tamen
384 2929 462 2960 satis
483 2932 636 2969 appareat
659 2938 732 2959 eum
755 2927 839 2958 hanc
860 2930 984 2968 partem
1007 2925 1196 2958 Lucretiani
1219 2925 1372 2957 carminis
1393 2935 1459 2957 non
1474 2928 1623 2956 accurate
1638 2924 1777 2966 legisse,

158 3002 232 3022 cum
265 2991 347 3022 illud
381 3002 478 3032 quam
511 2991 630 3031 optime
654 2996 748 3031 poeta
769 2990 927 3031 explicet,
963 2990 1049 3031 quod
1074 2988 1276 3020 Macrobrius
1300 2988 1442 3029 Epicuro
1464 2987 1575 3019 obicit.
