1894 3235
952 139 1008 180 34

169 290 262 317 mus
308 275 360 317 ad
404 274 508 316 illud
543 274 749 330 „spatium
785 273 936 315 omne’'
969 287 992 314 e
1023 287 1083 314 vs.
1118 275 1198 314 955
1218 306 1228 326 ,
1261 274 1314 314 56
1346 276 1471 328 atque
1503 272 1614 314 idem
1646 273 1789 328 opina-

170 369 264 396 mur
294 367 384 395 esse
416 358 541 409 atque
576 365 723 405 „omne
755 351 866 407 quod
897 356 959 393 est
991 352 1199 406 spatium⁷’
1233 365 1255 392 e
1286 365 1346 392 vs.
1381 353 1476 392 969.
1537 351 1647 392 Nam
1678 350 1791 407 quod

169 432 222 473 ad
267 431 594 487 maqnitmlinem
639 430 821 482 attinet,
869 430 1112 470 universum
1155 429 1243 470 sive
1276 442 1438 469 summa
1469 430 1586 482 (963)
1619 443 1696 484 par
1727 432 1790 470 est

169 509 331 564 spatio,
363 508 561 549 materies
594 507 682 547 sive
715 506 843 547 atomi
874 520 1044 547 numero
1077 511 1139 547 est
1172 506 1359 547 infinita:
1402 511 1444 546 at
1475 505 1580 546 illud
1610 506 1791 560 spatium

170 587 253 628 alia
296 599 341 627 re
385 585 495 625 finiri
526 598 609 625 non
641 588 780 639 potest
812 584 888 637 (vs.
923 585 1000 624 961
1039 588 1082 624 ut.
1113 584 1304 624 videatur
1335 575 1488 639 seqq),
1521 597 1618 624 nam
1649 583 1790 636 locus,

171 677 296 718 quem
337 665 560 716 occuparet
606 660 711 707 haec
752 674 817 701 res
836 693 846 713 ,
877 674 974 715 pars
1005 665 1114 700 esset
1145 661 1272 702 totius
1303 661 1455 716 spatii:
1505 665 1627 701 extra
1658 664 1792 700 totum

171 741 352 796 spatium
385 745 607 790 (summam
640 740 721 779 963
754 752 868 778 omne
903 738 1027 786 1001)
1062 737 1166 778 nihil
1199 743 1274 778 est.
1337 738 1499 779 Eodem
1531 737 1653 778 modo
1686 751 1792 793 quae

171 822 402 874 sequuntur
448 816 651 872 explicari
694 820 880 871 possunt.
943 816 1111 857 Munroi
1142 816 1434 871 interpretatio
1469 818 1525 872 (p.
1560 817 1659 870 398)
1697 815 1793 868 „the

171 896 395 950 reasoning
442 895 652 936 therefore
703 895 765 947 is,
817 894 1016 949 granting
1066 894 1128 935 for
1175 894 1247 934 the
1282 899 1473 936 moment
1511 907 1633 950 space
1665 898 1708 934 to
1742 893 1794 935 be

171 974 312 1026 finite,
360 977 432 1028 yet
477 986 584 1017 none
626 972 698 1013 the
739 972 820 1013 less
862 971 933 1013 the
977 972 1149 1027 general
1195 971 1434 1012 conclusion
1484 972 1568 1012 will
1616 971 1668 1012 be
1700 975 1794 1011 true

170 1051 262 1092 that
308 1050 379 1092 the
426 1063 548 1091 omne
581 1050 615 1090 is
646 1050 866 1103 infinite'',
914 1051 986 1105 qui
1019 1049 1186 1090 defendi
1219 1049 1350 1104 possit
1380 1063 1463 1090 non
1497 1049 1635 1090 video.
1697 1048 1796 1089 Infi-

172 1130 307 1170 nitum
354 1129 597 1170 universum
638 1141 777 1168 nonne
823 1128 1035 1168 infinitum
1081 1127 1220 1168 locum
1263 1131 1468 1182 occupat,
1517 1131 1560 1168 et
1604 1126 1712 1168 hanc
1744 1125 1796 1167 ob

171 1222 261 1249 rem
306 1207 519 1248 infinitum
566 1206 748 1261 spatium
791 1206 941 1260 ponit?
1002 1205 1129 1246 Fallit
1177 1204 1287 1246 hunc
1334 1204 1473 1245 virum
1522 1204 1717 1257 doctum,
1763 1203 1797 1244 si

175 1285 274 1342 quid
324 1285 474 1338 video,
528 1283 792 1325 conturbatio
843 1283 965 1324 vacui
1017 1283 1197 1324 absoluti
1248 1286 1289 1323 et
1339 1282 1463 1323 vacui
1514 1281 1667 1322 artiore
1709 1281 1797 1322 sive

128 1351 131 1353 .
176 1363 382 1405 strictiore
415 1376 538 1403 sensu
571 1362 689 1415 dicti⁷
723 1376 847 1417 quam
879 1361 1122 1413 Lucretius,
1154 1365 1201 1401 ut
1233 1374 1359 1415 supra
1390 1361 1473 1401 iam
1495 1355 1694 1412 diximus⁷
1716 1372 1799 1399 non

177 1455 341 1497 semper
387 1440 573 1484 evitavit.
635 1439 886 1480 Accuratius
932 1442 1058 1494 poeta
1104 1438 1182 1479 hoc
1225 1452 1404 1478 vacuum
1446 1437 1684 1478 absolutum
1726 1450 1798 1477 ex-

176 1519 350 1574 pressit,
398 1518 585 1573 exempli
631 1517 767 1571 gratia
798 1532 857 1557 vs.
892 1518 1002 1569 984,
1034 1516 1107 1557 ubi
1144 1516 1186 1556 id
1217 1516 1406 1556 nominat
1442 1529 1587 1568 „omne
1619 1515 1801 1570 spatium

176 1597 353 1639 summai
400 1596 556 1637 totius'’
588 1595 632 1636 id
663 1599 725 1636 est
757 1599 891 1636 totum
924 1595 1196 1647 universum,
1236 1594 1269 1634 si
1301 1594 1439 1635 locum
1470 1593 1639 1649 quidem
1670 1592 1799 1648 respi-

177 1675 322 1716 cimus.

233 1753 394 1794 Versus
427 1752 677 1793 998—1001
713 1750 765 1791 ab
797 1749 875 1790 hoc
908 1749 1000 1790 loco
1023 1749 1149 1790 alieni
1176 1753 1294 1802 sunt,
1328 1749 1479 1804 quibus
1506 1763 1601 1790 cum
1623 1749 1800 1790 Munroo

177 1832 295 1883 loco,
338 1843 463 1886 quem
494 1843 605 1870 nunc
639 1832 872 1883 occupant,
916 1828 1040 1869 motis
1077 1829 1184 1869 1002
1220 1841 1332 1883 seqq.
1366 1827 1673 1868 conclusionem
1706 1840 1801 1868 con-

177 1909 313 1950 tinent
359 1922 502 1949 eorum
549 1920 655 1962 quae
696 1905 965 1961 praecedunt.
1028 1905 1132 1946 Inde
1165 1920 1189 1946 a
1220 1920 1279 1946 vs.
1317 1906 1424 1946 1008
1456 1909 1544 1945 tum
1576 1908 1702 1959 poeta
1732 1903 1802 1944 de-

176 1990 381 2028 monstrat
412 1985 632 2026 materiem
665 1998 830 2040 quoque
862 1984 1070 2024 infinitam
1101 1997 1204 2024 esse.
1266 1983 1340 2024 Vs.
1378 1984 1485 2024 1012
1518 1986 1580 2023 est
1611 1982 1797 2023 vitiosus.

177 2065 334 2117 Poeta,
367 2063 437 2119 qui
469 2062 610 2118 paullo
644 2067 741 2103 ante
774 2061 882 2102 dixit
912 2067 1105 2103 naturam
1128 2075 1267 2116 coslare
1293 2075 1468 2116 „corpus
1490 2060 1605 2100 inani
1627 2064 1669 2100 et
1690 2058 1799 2115 quod

177 2143 302 2183 inane
333 2146 475 2183 autem
508 2145 570 2181 cst
603 2153 774 2195 corpore
806 2139 943 2180 finiri'⁷
976 2153 1058 2180 non
1091 2139 1230 2194 potuit
1261 2137 1328 2178 hic
1352 2152 1493 2179 casum
1514 2151 1694 2192 ponere,
1729 2136 1799 2192 qui

177 2220 260 2261 illis
300 2219 440 2260 verbis
471 2222 693 2273 repugnat.
755 2217 984 2258 Praeterea
1016 2216 1206 2257 doctrina
1237 2215 1410 2270 Epicuri
1443 2219 1558 2256 vetat
1589 2214 1800 2255 infinitum

180 2311 268 2339 esse
302 2297 482 2353 spatium
513 2296 715 2336 materiae
748 2308 913 2350 expers.
977 2294 1072 2334 Non
1096 2297 1272 2349 possunt
1293 2293 1422 2347 igitur
1444 2292 1487 2333 hi
1506 2306 1652 2333 versus
1674 2292 1799 2346 (1012

180 2378 310 2430 seqq.)
344 2388 438 2415 cum
470 2372 754 2428 superioribus
785 2372 903 2426 iungi
930 2385 978 2412 eo
1000 2371 1146 2424 modo,
1180 2384 1260 2426 quo
1283 2371 1487 2411 Munrous
1509 2369 1552 2410 id
1572 2369 1698 2423 facit,
1730 2369 1801 2425 qui

179 2452 353 2493 minima
369 2451 634 2491 distinctione
658 2451 696 2503 (,)
715 2463 785 2490 eos
807 2454 972 2505 separat
991 2464 1014 2490 a
1030 2448 1392 2504 praecedentibus.
1417 2446 1589 2488 Lachm.
1608 2447 1801 2488 lacunam

179 2529 338 2571 indicat
373 2533 465 2584 post
498 2543 555 2569 vs.
593 2529 714 2581 1012,
745 2527 985 2581 Madvigius
1017 2530 1058 2567 et
1090 2526 1294 2567 Marullus
1323 2530 1416 2581 post
1441 2527 1563 2566 1013.
1595 2525 1656 2566 Hi
1686 2528 1801 2566 recte

181 2611 460 2659 censuerunt,
493 2606 535 2647 ni
567 2606 762 2647 fallimur.
822 2605 1025 2646 Attamen
1046 2604 1141 2659 plus
1162 2618 1245 2645 uno
1267 2617 1392 2644 versu
1413 2617 1497 2644 non
1518 2603 1662 2644 deesse
1683 2602 1802 2643 nobis

180 2685 369 2738 videtur,
417 2685 450 2725 si
499 2688 624 2725 antea
670 2684 807 2724 levem
840 2682 1181 2724 emendationem
1213 2681 1474 2722 adhibemus.
1534 2681 1645 2722 Nam
1676 2680 1710 2721 si
1740 2694 1800 2721 vs.

186 2764 293 2804 1012
335 2776 409 2817 pro
441 2766 515 2802 aut
545 2762 669 2802 etiam
701 2761 920 2802 scribimus
951 2774 1050 2801 nam
1080 2761 1278 2815 quoniam
1309 2764 1351 2800 et
1383 2758 1534 2800 deinde
1564 2761 1659 2813 post
1693 2759 1800 2799 1013

182 2839 404 2880 inserimus
450 2852 581 2879 unum
627 2851 795 2878 versum
826 2837 1065 2878 huiusmodi
1102 2837 1168 2890 „ni
1200 2836 1365 2878 infinita
1396 2839 1505 2877 esset
1535 2848 1697 2876 summa
1727 2848 1802 2875 un-

130 2942 133 2944 -
184 2916 307 2972 dique
353 2916 602 2969 materiai”,
651 2916 790 2956 omnia
835 2916 1057 2970 perspicua
1103 2928 1193 2956 esse
1241 2914 1410 2956 credere
1453 2912 1586 2954 ausim
1633 2915 1801 2952 etcum

183 2998 324 3036 mente
370 2994 558 3035 Lucretii
590 2993 878 3047 congruentia.
939 2993 1063 3034 Nunc.
1096 2993 1208 3034 enim
1239 2993 1298 3033 ita
1329 2990 1584 3032 conveniunt
1615 2989 1803 3030 Lucretii
