1894 3235
837 154 912 194 131

68 291 244 342 uterque
283 287 327 327 in
373 287 538 342 capite,
584 286 656 327 ubi
700 290 789 342 περὶ
823 290 990 341 τροπῶν
1022 286 1145 335 ἡλίου
1176 286 1327 341 agitur.
1387 287 1537 342 Itaque
1569 286 1680 342 apud

69 364 380 405 Anaximenem
429 377 593 419 quoque
640 367 792 419 τροπαί
842 364 972 404 stellis
1020 364 1288 405 tribuuntur:
1336 364 1543 419 Epicurus
1591 365 1680 405 eius

69 441 299 487 doctrinam
343 441 526 482 referens
568 427 742 481 fortasse
783 440 894 481 idem
925 441 1024 481 fecit
1056 447 1097 482 et
1129 442 1353 483 Lucretius
1386 455 1482 482 eum
1514 446 1681 482 secutus

69 524 132 560 est
158 522 194 572 ¹).
274 520 493 560 Paucitate
543 523 585 559 et
640 519 846 559 brevitate
898 519 1227 572 fragmentorum
1279 519 1531 574 impedimur
1581 533 1681 574 quo-

68 597 205 637 minus
246 597 452 651 Epicurea
484 611 578 637 cum
609 601 759 651 poetae
791 596 929 637 verbis
961 611 1277 651 componamus,
1309 597 1383 637 sed
1414 602 1554 637 tamen
1586 610 1681 637 eum

69 674 203 714 simile
244 674 344 729 quid
375 674 563 715 docuisse
596 680 637 715 et
669 675 914 715 Lucretium
946 688 1000 714 ex
1032 674 1121 714 eius
1154 674 1317 728 scriptis
1348 674 1536 714 hausisse
1567 674 1681 715 vide-

67 750 130 791 bis
162 764 216 791 eX
245 750 297 791 D.
330 751 378 791 L.
411 751 464 791 X.
499 752 578 791 93:
626 753 785 806 τροπὰς
818 751 938 799 ἡλίου
972 754 1034 792 καὶ
1068 751 1249 798 σελήνης
1281 749 1482 806 ἐνδέχεται
1513 754 1585 803 μὲν
1617 753 1681 806 γί-

68 831 208 870 νεσθαι
241 829 339 869 κατὰ
370 827 556 875 λόξωσιν
589 830 796 882 οὐρανοῦ,
830 829 936 869 οὕτω
968 835 1056 876 τοῖς
1080 830 1254 884 χρόνοις
1280 830 1680 883 κατηναγκασμένου.

71 907 184 947 Κατὰ
217 904 401 952 λόξωσιν
420 907 602 957 οὐρανοῦ
620 905 732 945 idem
750 910 811 945 est
830 916 953 960 atque
975 907 1072 947 κατὰ
1091 907 1166 953 τὴν
1185 904 1371 952 λόξωσιν
1389 911 1463 946 τοῦ
1483 904 1684 953 ζωδιακοῦ

69 983 235 1025 κύκλου.
274 983 506 1037 Praecipua
538 998 659 1023 causa
680 1016 688 1028 ,
727 997 851 1038 quain
884 983 1107 1023 Lucretius
1139 983 1181 1022 in
1214 983 1562 1037 praecedentibus
1594 998 1684 1023 ver-

69 1061 182 1101 sibus
212 1061 520 1115 praetermisit,
569 1071 614 1101 ut
647 1061 730 1101 iam
763 1061 965 1112 vidimus,
1009 1060 1060 1100 ab
1091 1060 1274 1115 Epicuro
1307 1060 1373 1101 hic
1406 1071 1682 1115 meinoratur3

70 1138 329 1178 desideratur
375 1144 516 1178 tamen
562 1138 723 1193 reliqua
771 1152 868 1192 pars
900 1137 1221 1192 explicationis,
1269 1137 1437 1178 ridetur
1468 1143 1686 1192 praeterea

69 1217 262 1271 opinatus
309 1231 398 1257 esse
444 1217 650 1272 Epicurus
698 1217 860 1257 caelum
906 1221 1115 1257 vetustate
1156 1217 1225 1256 vel
1268 1217 1392 1256 simili
1424 1231 1548 1258 causa
1581 1222 1685 1269 (τοῖς

71 1313 139 1350 χρ.
172 1297 323 1347 κατην.)
356 1308 448 1335 eam
480 1295 691 1349 obliquam
723 1294 952 1348 posituram
984 1298 1151 1335 nactum
1184 1308 1285 1334 esse.
1333 1294 1497 1335 Deinde
1531 1298 1685 1348 ὁμοίως

69 1370 108 1413 δὲ
155 1375 216 1413 καὶ
262 1372 344 1414 κατ’
386 1373 507 1427 ἀέρος
548 1370 773 1419 ἀντέξωσιν
815 1371 1017 1425 explicari
1048 1375 1185 1425 potest
1216 1371 1320 1411 illud
1350 1371 1684 1426 phaenomenon.

67 1449 249 1490 Difficile
296 1454 357 1490 est
400 1450 633 1490 discernere
679 1464 779 1490 num
820 1463 891 1489 aer
932 1449 1007 1489 soli
1049 1449 1221 1490 obsistat
1267 1450 1323 1490 sic
1354 1454 1401 1490 ut
1432 1450 1529 1490 solis
1560 1463 1685 1505 quam

69 1528 283 1568 stellarum
315 1527 539 1568 tardiorem
571 1532 730 1567 motum
762 1526 908 1579 faciat,
942 1541 994 1567 an
1025 1541 1124 1567 vero
1156 1527 1242 1579 ita,
1275 1536 1321 1567 ut
1351 1527 1554 1582 impediat
1586 1541 1686 1582 quo-

68 1606 207 1644 minus
239 1605 299 1645 sol
335 1605 493 1645 flexum
524 1604 757 1644 brumalem
789 1611 830 1644 et
850 1609 1006 1644 metam
1029 1604 1291 1645 solstitialem
1323 1605 1684 1658 transgrediatur:

67 1687 216 1723 neutra
247 1686 388 1722 tamen
420 1682 645 1737 explicatio
678 1688 772 1722 culn
804 1682 990 1722 Lucretii
1024 1682 1207 1722 secunda
1239 1682 1443 1736 congruit.
1491 1682 1685 1737 Denique

70 1759 175 1800 duae
216 1760 425 1811 rationes,
467 1774 568 1815 quas
614 1766 831 1814 praeterea
875 1760 1084 1815 Epicurus
1126 1760 1304 1815 probat,
1357 1760 1468 1815 apud
1517 1765 1684 1815 poetam

69 1852 152 1878 non
182 1838 466 1878 inveniuntur.

128 1916 236 1957 Solis
280 1920 393 1956 ortus
438 1920 480 1956 et
520 1929 689 1956 occasus
731 1916 877 1956 itidem
917 1915 1106 1970 pluribus
1138 1915 1271 1956 modis
1302 1915 1391 1956 fieri
1426 1919 1601 1970 possunt
1622 1916 1685 1968 2):

71 2007 239 2034 occasus
285 1998 356 2033 aut
400 1993 496 2048 quia
540 1993 664 2047 longo
713 2008 835 2033 cursu
882 1992 1105 2047 languidus
1149 1993 1209 2033 sol
1254 1993 1414 2033 lumina
1445 2007 1519 2033 sua
1550 1992 1688 2033 extin-

70 2071 161 2125 guit
177 2068 236 2124 3),
273 2076 368 2122 „aut
394 2071 490 2126 quia
521 2071 596 2111 sub
629 2080 761 2111 terras
793 2085 960 2111 cursum
992 2075 1235 2111 convortere
1268 2070 1381 2124 cogit
1411 2071 1475 2110 vis
1508 2070 1655 2111 eadem
1675 2103 1685 2123 ,

71 2162 197 2203 supra
227 2161 332 2203 quae
364 2152 496 2188 terras
526 2148 699 2202 pertulit
731 2147 901 2187 orbem”
935 2149 1147 2200 (654,55);
1192 2161 1341 2198 aurora
1371 2161 1470 2187 vero
1496 2151 1568 2188 aut
1592 2147 1690 2202 quia

71 2226 147 2267 sub
164 2230 295 2267 terras
310 2230 525 2266 revertens
541 2240 683 2266 rursus
704 2225 816 2265 idem
840 2225 899 2265 sol
918 2225 1080 2265 caelum
1102 2224 1317 2277 accendit,
1355 2229 1452 2276 „aut
1474 2225 1572 2279 quia
1595 2238 1690 2265 con-

71 2303 248 2344 veniunt
278 2304 398 2358 ignes
425 2308 466 2344 et
492 2304 650 2344 semina
677 2303 811 2343 multa
828 2303 1036 2343 confluere
1053 2302 1211 2342 ardoris
1229 2307 1483 2342 consuerunt
1500 2306 1690 2357 tempore

1317 2379 1369 2396 ’Π

73 2386 213 2435 certo,
245 2395 351 2436 quae
373 2381 531 2422 faciunt
562 2380 658 2421 solis
692 2394 796 2420 nora
828 2393 991 2434 semper
1020 2380 1180 2419 lumina
1211 2379 1341 2433 gignl.
1425 2379 1547 2427 Quod
1577 2384 1690 2420 certo

120 2584 141 2625 ¹)
190 2583 239 2615 Cf.
265 2583 344 2614 Zell.
369 2583 420 2614 die
442 2582 530 2614 Phil.
555 2583 611 2614 der
634 2583 689 2613 Gr.
716 2585 754 2621 1,
781 2584 840 2613 228
864 2586 930 2613 not.
959 2585 972 2612 1
990 2606 997 2620 ‚
1022 2581 1076 2612 cui
1097 2585 1207 2612 tamen
1230 2581 1401 2612 concedere
1417 2591 1482 2612 non
1496 2591 1689 2621 possumus,

74 2646 109 2678 in
131 2645 171 2677 iis
193 2645 272 2677 locis
292 2656 358 2677 non
381 2655 559 2677 sermonem
583 2655 653 2676 esse
677 2645 715 2675 de
738 2644 778 2675 iis
794 2669 801 2682 ‚
826 2655 908 2685 quae
933 2644 1033 2684 vulgo
1058 2645 1182 2685 τροπαὶ
1205 2647 1382 2680 vocantur,
1406 2642 1647 2683 Phaenomenis.

117 2707 145 2748 ²)
189 2707 245 2739 Vs.
271 2709 428 2738 650—80.

118 2770 142 2808 ³)
187 2770 248 2801 Est
282 2768 427 2801 doctrina
450 2768 624 2800 Heracliti:
662 2768 755 2800 Plato
790 2769 870 2809 Rep.
895 2769 964 2807 VI,
995 2770 1077 2806 498,
1107 2768 1155 2798 A:
1181 2770 1267 2808 πρὸς
1290 2766 1321 2798 δὲ
1345 2769 1382 2799 τὸ
1405 2769 1510 2808 γῆρας
1533 2767 1626 2804 ἐκτὸς
1650 2766 1690 2806 δὴ

76 2846 177 2865 τινων
198 2834 321 2874 ὀλίγων
344 2832 620 2868 ἀποσβέννυνται
638 2832 732 2869 ,πολὺ
757 2833 891 2872 μᾶλλον
917 2833 974 2863 τοῦ
1001 2828 1248 2871 Ἡρακλειτείου
1273 2828 1368 2861 imon
1386 2854 1393 2867 ,
1419 2829 1498 2861 ὅσον
1516 2830 1614 2866 αὖθις
1629 2830 1690 2861 οὐκ

77 2896 291 2931 ἐξάπτονται.
336 2893 430 2925 Alex.
464 2893 607 2934 Aphrod.
643 2894 683 2924 ad
717 2895 814 2925 Arist.
844 2893 978 2924 Meteor.
1003 2892 1064 2932 Π,
1099 2894 1128 2922 2.
1153 2893 1233 2930 355,
1268 2901 1307 2930 a,
1334 2893 1395 2921 12:
1427 2891 1466 2923 οὐ
1490 2891 1614 2931 μόνον,
1647 2893 1690 2929 ὡς

75 2956 289 2998 Ἡράκλειτός
312 2964 410 2998 φησι,
429 2957 502 2994 νέος
525 2957 568 2998 ἐφ’
595 2955 698 2998 ἡμέρῃ
721 2956 765 2989 ἂν
788 2957 851 2995 ἦν,
876 2956 949 2988 καθ’
968 2955 1113 2993 ἑκάστην
1129 2954 1255 2996 ἡμέραν
1270 2954 1378 2991 ἄλλος
1395 2954 1606 2995 ἁπτόμενος,
1631 2955 1690 2986 τοῦ

79 3021 212 3061 πρώτου
235 3018 272 3052 ἐν
295 3022 337 3062 τῇ
362 3018 450 3051 δύσει
475 3018 714 3060 σβεννυμένου.

1468 3078 1518 3120 9*
