<?xml version="1.0" encoding="UTF-8"?>
<!DOCTYPE html PUBLIC "-//W3C//DTD XHTML 1.0 Transitional//EN"
    "http://www.w3.org/TR/xhtml1/DTD/xhtml1-transitional.dtd">
<html xmlns="http://www.w3.org/1999/xhtml" xml:lang="en" lang="en">
 <head>
  <title>
</title>
<meta http-equiv="Content-Type" content="text/html;charset=utf-8" />
  <meta name='ocr-system' content='tesseract 3.04.00' />
  <meta name='ocr-capabilities' content='ocr_page ocr_carea ocr_par ocr_line ocrx_word'/>
</head>
<body>
  <div class='ocr_page' id='page_1' title='image "./lucretiiphilosop00woltuoft_0061.png"; bbox 0 0 1894 3235; ppageno 0'>
   <div class='ocr_carea' id='block_1_1' title="bbox 879 156 933 196">
    <p class='ocr_par' dir='ltr' id='par_1_1' title="bbox 879 156 933 196">
     <span class='ocr_line' id='line_1_1' title="bbox 879 156 933 196; baseline 0 0"><span class='ocrx_word' id='word_1_1' title='bbox 879 156 933 196; x_wconf 82' lang='lat'>47</span> 
     </span>
    </p>
   </div>
   <div class='ocr_carea' id='block_1_2' title="bbox 101 288 1723 1819">
    <p class='ocr_par' dir='ltr' id='par_1_2' title="bbox 101 288 1723 1742">
     <span class='ocr_line' id='line_1_2' title="bbox 102 288 1720 344; baseline -0.002 -12"><span class='ocrx_word' id='word_1_2' title='bbox 102 288 391 343; x_wconf 78' lang='grc' dir='ltr'>μεταστάσεις,</span> <span class='ocrx_word' id='word_1_3' title='bbox 453 288 564 344; x_wconf 89' lang='lat' dir='ltr'>quod</span> <span class='ocrx_word' id='word_1_4' title='bbox 609 289 802 330; x_wconf 82' lang='lat' dir='ltr'>nonnulli</span> <span class='ocrx_word' id='word_1_5' title='bbox 848 289 1052 344; x_wconf 76' lang='lat' dir='ltr'>praebent</span> <span class='ocrx_word' id='word_1_6' title='bbox 1083 289 1267 342; x_wconf 86' lang='lat' dir='ltr'>codices,</span> <span class='ocrx_word' id='word_1_7' title='bbox 1300 289 1521 330; x_wconf 89' lang='lat' dir='ltr'>Leidensis</span> <span class='ocrx_word' id='word_1_8' title='bbox 1553 289 1720 343; x_wconf 89' lang='lat' dir='ltr'>omittit)</span> 
     </span>
     <span class='ocr_line' id='line_1_3' title="bbox 103 366 1720 423; baseline -0.001 -13"><span class='ocrx_word' id='word_1_9' title='bbox 103 370 336 410; x_wconf 81' lang='grc' dir='ltr'>ποιούντων</span> <span class='ocrx_word' id='word_1_10' title='bbox 382 367 440 408; x_wconf 78' lang='grc' dir='ltr'>ἐπ’</span> <span class='ocrx_word' id='word_1_11' title='bbox 485 366 623 408; x_wconf 77' lang='grc' dir='ltr'>ἄλλον</span> <span class='ocrx_word' id='word_1_12' title='bbox 670 369 828 417; x_wconf 82' lang='grc' dir='ltr'>τόπον,</span> <span class='ocrx_word' id='word_1_13' title='bbox 874 368 924 410; x_wconf 75' lang='grc' dir='ltr'>ἄν</span> <span class='ocrx_word' id='word_1_14' title='bbox 967 368 1074 410; x_wconf 76' lang='grc' dir='ltr'>οὕτω</span> <span class='ocrx_word' id='word_1_15' title='bbox 1117 370 1247 423; x_wconf 77' lang='grc' dir='ltr'>τύχῃ,</span> <span class='ocrx_word' id='word_1_16' title='bbox 1295 371 1357 409; x_wconf 80' lang='grc' dir='ltr'>καὶ</span> <span class='ocrx_word' id='word_1_17' title='bbox 1390 366 1647 422; x_wconf 73' lang='grc' dir='ltr'>ἐπαρδεύσεις</span> <span class='ocrx_word' id='word_1_18' title='bbox 1679 369 1720 410; x_wconf 71' lang='grc' dir='ltr'>ἔκ</span> 
     </span>
     <span class='ocr_line' id='line_1_4' title="bbox 103 442 1718 500; baseline -0.001 -13"><span class='ocrx_word' id='word_1_19' title='bbox 103 463 227 487; x_wconf 84' lang='grc' dir='ltr'>τινων</span> <span class='ocrx_word' id='word_1_20' title='bbox 268 446 454 500; x_wconf 79' lang='grc' dir='ltr'>ἐχόντων</span> <span class='ocrx_word' id='word_1_21' title='bbox 499 442 749 493; x_wconf 72' lang='grc' dir='ltr'>ἐπιτηδείους·</span> <span class='ocrx_word' id='word_1_22' title='bbox 782 445 857 492; x_wconf 72' lang='grc' dir='ltr'>ἕως</span> <span class='ocrx_word' id='word_1_23' title='bbox 889 445 1138 494; x_wconf 80' lang='grc' dir='ltr'>τελειώσεως</span> <span class='ocrx_word' id='word_1_24' title='bbox 1172 448 1233 486; x_wconf 77' lang='grc' dir='ltr'>καὶ</span> <span class='ocrx_word' id='word_1_25' title='bbox 1267 443 1486 498; x_wconf 73' lang='grc' dir='ltr'>διαμονῆς,</span> <span class='ocrx_word' id='word_1_26' title='bbox 1534 445 1591 500; x_wconf 80' lang='grc' dir='ltr'>ἐφ’</span> <span class='ocrx_word' id='word_1_27' title='bbox 1614 447 1718 486; x_wconf 88' lang='grc' dir='ltr'>ὅσον</span> 
     </span>
     <span class='ocr_line' id='line_1_5' title="bbox 103 520 1718 578; baseline -0.001 -14"><span class='ocrx_word' id='word_1_28' title='bbox 103 522 153 564; x_wconf 61' lang='lat' dir='ltr'>ra*</span> <span class='ocrx_word' id='word_1_29' title='bbox 183 521 482 578; x_wconf 63' lang='grc' dir='ltr'>ὑποβληθέντα</span> <span class='ocrx_word' id='word_1_30' title='bbox 523 521 689 572; x_wconf 61' lang='grc' dir='ltr'>θεμέλια</span> <span class='ocrx_word' id='word_1_31' title='bbox 722 523 797 570; x_wconf 79' lang='grc' dir='ltr'>τὴν</span> <span class='ocrx_word' id='word_1_32' title='bbox 828 520 1075 577; x_wconf 73' lang='grc' dir='ltr'>προςδοχὴν</span> <span class='ocrx_word' id='word_1_33' title='bbox 1109 521 1276 564; x_wconf 71' lang='grc' dir='ltr'>δύναται</span> <span class='ocrx_word' id='word_1_34' title='bbox 1307 525 1513 564; x_wconf 59' lang='grc' dir='ltr'>ποιεῖσθαι</span> <span class='ocrx_word' id='word_1_35' title='bbox 1537 520 1573 575; x_wconf 83' lang='grc'>1).</span> <span class='ocrx_word' id='word_1_36' title='bbox 1635 522 1718 562; x_wconf 86' lang='lat' dir='ltr'>Lu-</span> 
     </span>
     <span class='ocr_line' id='line_1_6' title="bbox 104 598 1717 655; baseline 0 -15"><span class='ocrx_word' id='word_1_37' title='bbox 104 600 256 641; x_wconf 84' lang='lat' dir='ltr'>cretius</span> <span class='ocrx_word' id='word_1_38' title='bbox 303 599 353 639; x_wconf 91' lang='lat' dir='ltr'>de</span> <span class='ocrx_word' id='word_1_39' title='bbox 398 598 689 639; x_wconf 77' lang='lat' dir='ltr'>intermundiis</span> <span class='ocrx_word' id='word_1_40' title='bbox 734 598 839 638; x_wconf 86' lang='lat' dir='ltr'>nihil</span> <span class='ocrx_word' id='word_1_41' title='bbox 880 598 1033 651; x_wconf 81' lang='lat' dir='ltr'>refert,</span> <span class='ocrx_word' id='word_1_42' title='bbox 1081 613 1216 654; x_wconf 87' lang='lat' dir='ltr'>neque</span> <span class='ocrx_word' id='word_1_43' title='bbox 1256 599 1306 640; x_wconf 92' lang='lat' dir='ltr'>de</span> <span class='ocrx_word' id='word_1_44' title='bbox 1338 600 1452 652; x_wconf 82' lang='lat' dir='ltr'>aliis,</span> <span class='ocrx_word' id='word_1_45' title='bbox 1500 613 1604 655; x_wconf 87' lang='lat' dir='ltr'>quae</span> <span class='ocrx_word' id='word_1_46' title='bbox 1636 599 1717 640; x_wconf 93' lang='lat' dir='ltr'>huc</span> 
     </span>
     <span class='ocr_line' id='line_1_7' title="bbox 103 676 1717 731; baseline 0 -13"><span class='ocrx_word' id='word_1_47' title='bbox 103 677 320 718; x_wconf 85' lang='lat' dir='ltr'>referenda</span> <span class='ocrx_word' id='word_1_48' title='bbox 369 680 475 716; x_wconf 87' lang='lat' dir='ltr'>sunt.</span> <span class='ocrx_word' id='word_1_49' title='bbox 549 677 616 717; x_wconf 81' lang='lat' dir='ltr'>Sic</span> <span class='ocrx_word' id='word_1_50' title='bbox 667 676 850 731; x_wconf 80' lang='lat' dir='ltr'>exempli</span> <span class='ocrx_word' id='word_1_51' title='bbox 897 677 1031 730; x_wconf 83' lang='lat' dir='ltr'>gratia</span> <span class='ocrx_word' id='word_1_52' title='bbox 1082 676 1126 716; x_wconf 92' lang='lat' dir='ltr'>hi</span> <span class='ocrx_word' id='word_1_53' title='bbox 1181 677 1325 717; x_wconf 90' lang='lat' dir='ltr'>mundi</span> <span class='ocrx_word' id='word_1_54' title='bbox 1377 691 1519 718; x_wconf 91' lang='lat' dir='ltr'>omnes</span> <span class='ocrx_word' id='word_1_55' title='bbox 1571 677 1717 718; x_wconf 83' lang='lat' dir='ltr'>eadem</span> 
     </span>
     <span class='ocr_line' id='line_1_8' title="bbox 105 754 1717 809; baseline -0.001 -14"><span class='ocrx_word' id='word_1_56' title='bbox 105 755 185 796; x_wconf 90' lang='lat' dir='ltr'>sint</span> <span class='ocrx_word' id='word_1_57' title='bbox 228 754 361 795; x_wconf 85' lang='lat' dir='ltr'>forma</span> <span class='ocrx_word' id='word_1_58' title='bbox 405 767 564 806; x_wconf 81' lang='lat' dir='ltr'>necne,</span> <span class='ocrx_word' id='word_1_59' title='bbox 612 758 653 794; x_wconf 92' lang='lat' dir='ltr'>et</span> <span class='ocrx_word' id='word_1_60' title='bbox 698 754 867 808; x_wconf 88' lang='lat' dir='ltr'>paribus</span> <span class='ocrx_word' id='word_1_61' title='bbox 909 768 962 794; x_wconf 91' lang='lat' dir='ltr'>an</span> <span class='ocrx_word' id='word_1_62' title='bbox 1006 754 1235 809; x_wconf 83' lang='lat' dir='ltr'>imparibus</span> <span class='ocrx_word' id='word_1_63' title='bbox 1280 754 1433 795; x_wconf 88' lang='lat' dir='ltr'>distent</span> <span class='ocrx_word' id='word_1_64' title='bbox 1462 755 1717 808; x_wconf 77' lang='lat' dir='ltr'>intervallis,</span> 
     </span>
     <span class='ocr_line' id='line_1_9' title="bbox 103 830 1719 887; baseline -0.001 -14"><span class='ocrx_word' id='word_1_65' title='bbox 103 832 178 873; x_wconf 88' lang='lat' dir='ltr'>has</span> <span class='ocrx_word' id='word_1_66' title='bbox 228 831 491 887; x_wconf 81' lang='lat' dir='ltr'>quaestiones</span> <span class='ocrx_word' id='word_1_67' title='bbox 534 835 659 885; x_wconf 83' lang='lat' dir='ltr'>poeta</span> <span class='ocrx_word' id='word_1_68' title='bbox 697 830 968 886; x_wconf 89' lang='lat' dir='ltr'>philosophus</span> <span class='ocrx_word' id='word_1_69' title='bbox 1014 832 1213 885; x_wconf 78' lang='lat' dir='ltr'>praeterit</span> <span class='ocrx_word' id='word_1_70' title='bbox 1240 833 1291 885; x_wconf 74' lang='grc'>2);</span> <span class='ocrx_word' id='word_1_71' title='bbox 1345 832 1533 872; x_wconf 85' lang='lat' dir='ltr'>doctrina</span> <span class='ocrx_word' id='word_1_72' title='bbox 1577 836 1719 873; x_wconf 87' lang='lat' dir='ltr'>autem</span> 
     </span>
     <span class='ocr_line' id='line_1_10' title="bbox 102 909 1719 965; baseline 0.001 -16"><span class='ocrx_word' id='word_1_73' title='bbox 102 909 277 965; x_wconf 83' lang='lat' dir='ltr'>requirit</span> <span class='ocrx_word' id='word_1_74' title='bbox 322 923 392 949; x_wconf 90' lang='lat' dir='ltr'>eos</span> <span class='ocrx_word' id='word_1_75' title='bbox 437 909 619 963; x_wconf 87' lang='lat' dir='ltr'>impares</span> <span class='ocrx_word' id='word_1_76' title='bbox 651 922 741 949; x_wconf 86' lang='lat' dir='ltr'>esse</span> <span class='ocrx_word' id='word_1_77' title='bbox 774 914 815 949; x_wconf 90' lang='lat' dir='ltr'>et</span> <span class='ocrx_word' id='word_1_78' title='bbox 845 909 1074 963; x_wconf 82' lang='lat' dir='ltr'>imparibus</span> <span class='ocrx_word' id='word_1_79' title='bbox 1106 909 1339 950; x_wconf 81' lang='lat' dir='ltr'>intervallis</span> <span class='ocrx_word' id='word_1_80' title='bbox 1372 909 1538 950; x_wconf 86' lang='lat' dir='ltr'>distare.</span> <span class='ocrx_word' id='word_1_81' title='bbox 1599 910 1719 951; x_wconf 87' lang='lat' dir='ltr'>Haec</span> 
     </span>
     <span class='ocr_line' id='line_1_11' title="bbox 104 985 1720 1041; baseline 0.001 -15"><span class='ocrx_word' id='word_1_82' title='bbox 104 986 318 1039; x_wconf 86' lang='lat' dir='ltr'>doctrina,</span> <span class='ocrx_word' id='word_1_83' title='bbox 360 985 495 1041; x_wconf 88' lang='lat' dir='ltr'>inquit</span> <span class='ocrx_word' id='word_1_84' title='bbox 532 990 680 1040; x_wconf 79' lang='lat' dir='ltr'>poeta,</span> <span class='ocrx_word' id='word_1_85' title='bbox 728 999 826 1026; x_wconf 90' lang='lat' dir='ltr'>sane</span> <span class='ocrx_word' id='word_1_86' title='bbox 857 986 984 1039; x_wconf 81' lang='lat' dir='ltr'>vulgo</span> <span class='ocrx_word' id='word_1_87' title='bbox 1017 985 1121 1026; x_wconf 90' lang='lat' dir='ltr'>mira</span> <span class='ocrx_word' id='word_1_88' title='bbox 1154 986 1344 1039; x_wconf 83' lang='lat' dir='ltr'>videtur,</span> <span class='ocrx_word' id='word_1_89' title='bbox 1378 986 1450 1027; x_wconf 91' lang='lat' dir='ltr'>sed</span> <span class='ocrx_word' id='word_1_90' title='bbox 1480 1000 1564 1027; x_wconf 88' lang='lat' dir='ltr'>non</span> <span class='ocrx_word' id='word_1_91' title='bbox 1595 1000 1720 1041; x_wconf 85' lang='lat' dir='ltr'>quae-</span> 
     </span>
     <span class='ocr_line' id='line_1_12' title="bbox 101 1061 1718 1117; baseline 0 -14"><span class='ocrx_word' id='word_1_92' title='bbox 101 1062 278 1103; x_wconf 87' lang='lat' dir='ltr'>rendum</span> <span class='ocrx_word' id='word_1_93' title='bbox 319 1066 406 1114; x_wconf 81' lang='lat' dir='ltr'>est,</span> <span class='ocrx_word' id='word_1_94' title='bbox 451 1061 657 1102; x_wconf 86' lang='lat' dir='ltr'>mirumne</span> <span class='ocrx_word' id='word_1_95' title='bbox 703 1062 861 1117; x_wconf 85' lang='lat' dir='ltr'>aliquid</span> <span class='ocrx_word' id='word_1_96' title='bbox 905 1061 1097 1103; x_wconf 83' lang='lat' dir='ltr'>videatur</span> <span class='ocrx_word' id='word_1_97' title='bbox 1138 1076 1297 1115; x_wconf 83' lang='lat' dir='ltr'>necne,</span> <span class='ocrx_word' id='word_1_98' title='bbox 1346 1062 1418 1103; x_wconf 90' lang='lat' dir='ltr'>sed</span> <span class='ocrx_word' id='word_1_99' title='bbox 1460 1063 1718 1104; x_wconf 87' lang='lat' dir='ltr'>solummodo</span> 
     </span>
     <span class='ocr_line' id='line_1_13' title="bbox 103 1139 1719 1196; baseline 0 -15"><span class='ocrx_word' id='word_1_100' title='bbox 103 1155 204 1181; x_wconf 90' lang='lat' dir='ltr'>num</span> <span class='ocrx_word' id='word_1_101' title='bbox 234 1154 381 1181; x_wconf 88' lang='lat' dir='ltr'>verum</span> <span class='ocrx_word' id='word_1_102' title='bbox 404 1140 461 1193; x_wconf 74' lang='lat'>³),</span> <span class='ocrx_word' id='word_1_103' title='bbox 495 1144 537 1180; x_wconf 92' lang='lat' dir='ltr'>et</span> <span class='ocrx_word' id='word_1_104' title='bbox 567 1139 670 1180; x_wconf 85' lang='lat' dir='ltr'>haec</span> <span class='ocrx_word' id='word_1_105' title='bbox 702 1139 889 1180; x_wconf 85' lang='lat' dir='ltr'>doctrina</span> <span class='ocrx_word' id='word_1_106' title='bbox 920 1146 982 1180; x_wconf 90' lang='lat' dir='ltr'>est</span> <span class='ocrx_word' id='word_1_107' title='bbox 1012 1140 1241 1180; x_wconf 70' lang='lat' dir='ltr'>verissima.</span> <span class='ocrx_word' id='word_1_108' title='bbox 1294 1140 1361 1180; x_wconf 78' lang='lat' dir='ltr'>Ex</span> <span class='ocrx_word' id='word_1_109' title='bbox 1393 1141 1519 1181; x_wconf 86' lang='lat' dir='ltr'>animi</span> <span class='ocrx_word' id='word_1_110' title='bbox 1551 1155 1719 1196; x_wconf 87' lang='lat' dir='ltr'>persua-</span> 
     </span>
     <span class='ocr_line' id='line_1_14' title="bbox 104 1217 1719 1274; baseline 0 -15"><span class='ocrx_word' id='word_1_111' title='bbox 104 1219 219 1259; x_wconf 89' lang='lat' dir='ltr'>sione</span> <span class='ocrx_word' id='word_1_112' title='bbox 259 1217 303 1258; x_wconf 87' lang='lat' dir='ltr'>hi</span> <span class='ocrx_word' id='word_1_113' title='bbox 334 1232 479 1258; x_wconf 83' lang='lat' dir='ltr'>versus</span> <span class='ocrx_word' id='word_1_114' title='bbox 511 1222 552 1258; x_wconf 90' lang='lat' dir='ltr'>et</span> <span class='ocrx_word' id='word_1_115' title='bbox 583 1218 652 1273; x_wconf 89' lang='lat' dir='ltr'>qui</span> <span class='ocrx_word' id='word_1_116' title='bbox 686 1222 916 1273; x_wconf 88' lang='lat' dir='ltr'>sequuntur</span> <span class='ocrx_word' id='word_1_117' title='bbox 947 1233 971 1259; x_wconf 84' lang='lat' dir='ltr'>a</span> <span class='ocrx_word' id='word_1_118' title='bbox 1002 1227 1126 1273; x_wconf 84' lang='lat' dir='ltr'>poeta</span> <span class='ocrx_word' id='word_1_119' title='bbox 1157 1223 1253 1259; x_wconf 88' lang='lat' dir='ltr'>sunt</span> <span class='ocrx_word' id='word_1_120' title='bbox 1284 1219 1453 1274; x_wconf 81' lang='lat' dir='ltr'>scripti3</span> <span class='ocrx_word' id='word_1_121' title='bbox 1501 1233 1525 1260; x_wconf 89' lang='lat' dir='ltr'>a</span> <span class='ocrx_word' id='word_1_122' title='bbox 1555 1219 1719 1273; x_wconf 82' lang='lat' dir='ltr'>vulgari</span> 
     </span>
     <span class='ocr_line' id='line_1_15' title="bbox 105 1295 1720 1352; baseline 0 -14"><span class='ocrx_word' id='word_1_123' title='bbox 105 1296 315 1338; x_wconf 83' lang='lat' dir='ltr'>doctrinae</span> <span class='ocrx_word' id='word_1_124' title='bbox 347 1295 507 1336; x_wconf 84' lang='lat' dir='ltr'>ratione</span> <span class='ocrx_word' id='word_1_125' title='bbox 554 1296 678 1350; x_wconf 82' lang='lat' dir='ltr'>longe</span> <span class='ocrx_word' id='word_1_126' title='bbox 724 1296 896 1337; x_wconf 87' lang='lat' dir='ltr'>absunt:</span> <span class='ocrx_word' id='word_1_127' title='bbox 947 1301 1009 1337; x_wconf 89' lang='lat' dir='ltr'>est</span> <span class='ocrx_word' id='word_1_128' title='bbox 1054 1297 1161 1337; x_wconf 86' lang='lat' dir='ltr'>vatis</span> <span class='ocrx_word' id='word_1_129' title='bbox 1209 1311 1371 1350; x_wconf 80' lang='lat' dir='ltr'>sermo,</span> <span class='ocrx_word' id='word_1_130' title='bbox 1419 1311 1542 1352; x_wconf 92' lang='lat' dir='ltr'>quem</span> <span class='ocrx_word' id='word_1_131' title='bbox 1574 1302 1720 1352; x_wconf 85' lang='lat' dir='ltr'>pectus</span> 
     </span>
     <span class='ocr_line' id='line_1_16' title="bbox 103 1373 1722 1429; baseline -0.001 -14"><span class='ocrx_word' id='word_1_132' title='bbox 103 1374 201 1416; x_wconf 88' lang='lat' dir='ltr'>facit</span> <span class='ocrx_word' id='word_1_133' title='bbox 257 1375 469 1415; x_wconf 88' lang='lat' dir='ltr'>disertum.</span> <span class='ocrx_word' id='word_1_134' title='bbox 543 1373 797 1414; x_wconf 84' lang='lat' dir='ltr'>Huiusmodi</span> <span class='ocrx_word' id='word_1_135' title='bbox 860 1377 1001 1414; x_wconf 83' lang='lat' dir='ltr'>autem</span> <span class='ocrx_word' id='word_1_136' title='bbox 1067 1374 1469 1429; x_wconf 77' lang='lat' dir='ltr'>contemplationes,</span> <span class='ocrx_word' id='word_1_137' title='bbox 1522 1388 1627 1429; x_wconf 85' lang='lat' dir='ltr'>quae</span> <span class='ocrx_word' id='word_1_138' title='bbox 1678 1374 1722 1414; x_wconf 89' lang='lat' dir='ltr'>in</span> 
     </span>
     <span class='ocr_line' id='line_1_17' title="bbox 105 1451 1722 1505; baseline -0.001 -11"><span class='ocrx_word' id='word_1_139' title='bbox 105 1454 291 1494; x_wconf 87' lang='lat' dir='ltr'>omnium</span> <span class='ocrx_word' id='word_1_140' title='bbox 336 1467 475 1494; x_wconf 89' lang='lat' dir='ltr'>rerum</span> <span class='ocrx_word' id='word_1_141' title='bbox 520 1452 771 1493; x_wconf 83' lang='lat' dir='ltr'>brevitatem</span> <span class='ocrx_word' id='word_1_142' title='bbox 815 1456 855 1492; x_wconf 92' lang='lat' dir='ltr'>et</span> <span class='ocrx_word' id='word_1_143' title='bbox 887 1451 1146 1492; x_wconf 76' lang='lat' dir='ltr'>debilitatem</span> <span class='ocrx_word' id='word_1_144' title='bbox 1178 1452 1359 1505; x_wconf 81' lang='lat' dir='ltr'>cadunt,</span> <span class='ocrx_word' id='word_1_145' title='bbox 1407 1457 1454 1492; x_wconf 93' lang='lat' dir='ltr'>ut</span> <span class='ocrx_word' id='word_1_146' title='bbox 1485 1458 1607 1493; x_wconf 80' lang='lat' dir='ltr'>antea</span> <span class='ocrx_word' id='word_1_147' title='bbox 1638 1453 1722 1494; x_wconf 85' lang='lat' dir='ltr'>iam</span> 
     </span>
     <span class='ocr_line' id='line_1_18' title="bbox 104 1529 1723 1586; baseline -0.001 -14"><span class='ocrx_word' id='word_1_148' title='bbox 104 1531 364 1583; x_wconf 74' lang='lat' dir='ltr'>monuimus,</span> <span class='ocrx_word' id='word_1_149' title='bbox 409 1545 504 1571; x_wconf 89' lang='lat' dir='ltr'>cum</span> <span class='ocrx_word' id='word_1_150' title='bbox 549 1530 732 1570; x_wconf 83' lang='lat' dir='ltr'>maxime</span> <span class='ocrx_word' id='word_1_151' title='bbox 779 1529 965 1569; x_wconf 82' lang='lat' dir='ltr'>Lucretii</span> <span class='ocrx_word' id='word_1_152' title='bbox 1001 1529 1185 1570; x_wconf 82' lang='lat' dir='ltr'>animum</span> <span class='ocrx_word' id='word_1_153' title='bbox 1216 1530 1385 1571; x_wconf 86' lang='lat' dir='ltr'>tristitia</span> <span class='ocrx_word' id='word_1_154' title='bbox 1417 1536 1457 1571; x_wconf 88' lang='lat' dir='ltr'>et</span> <span class='ocrx_word' id='word_1_155' title='bbox 1488 1531 1591 1571; x_wconf 91' lang='lat' dir='ltr'>miro</span> <span class='ocrx_word' id='word_1_156' title='bbox 1623 1546 1723 1586; x_wconf 88' lang='lat' dir='ltr'>quo-</span> 
     </span>
     <span class='ocr_line' id='line_1_19' title="bbox 106 1607 1723 1663; baseline -0.001 -14"><span class='ocrx_word' id='word_1_157' title='bbox 106 1608 201 1649; x_wconf 88' lang='lat' dir='ltr'>dam</span> <span class='ocrx_word' id='word_1_158' title='bbox 246 1608 397 1663; x_wconf 84' lang='lat' dir='ltr'>gaudio</span> <span class='ocrx_word' id='word_1_159' title='bbox 444 1608 566 1648; x_wconf 86' lang='lat' dir='ltr'>simul</span> <span class='ocrx_word' id='word_1_160' title='bbox 612 1607 797 1648; x_wconf 86' lang='lat' dir='ltr'>affecisse</span> <span class='ocrx_word' id='word_1_161' title='bbox 846 1607 1053 1647; x_wconf 77' lang='lat' dir='ltr'>videntur.</span> <span class='ocrx_word' id='word_1_162' title='bbox 1115 1608 1383 1663; x_wconf 79' lang='lat' dir='ltr'>Empedoclis</span> <span class='ocrx_word' id='word_1_163' title='bbox 1425 1622 1592 1649; x_wconf 83' lang='lat' dir='ltr'>carmen</span> <span class='ocrx_word' id='word_1_164' title='bbox 1622 1623 1723 1649; x_wconf 92' lang='lat' dir='ltr'>num</span> 
     </span>
     <span class='ocr_line' id='line_1_20' title="bbox 104 1685 1720 1742; baseline -0.001 -15"><span class='ocrx_word' id='word_1_165' title='bbox 104 1686 172 1727; x_wconf 90' lang='lat' dir='ltr'>hic</span> <span class='ocrx_word' id='word_1_166' title='bbox 202 1691 370 1742; x_wconf 87' lang='lat' dir='ltr'>poetam</span> <span class='ocrx_word' id='word_1_167' title='bbox 412 1686 463 1727; x_wconf 92' lang='lat' dir='ltr'>ob</span> <span class='ocrx_word' id='word_1_168' title='bbox 496 1685 635 1726; x_wconf 90' lang='lat' dir='ltr'>oculos</span> <span class='ocrx_word' id='word_1_169' title='bbox 666 1685 862 1726; x_wconf 82' lang='lat' dir='ltr'>habuisse</span> <span class='ocrx_word' id='word_1_170' title='bbox 901 1685 1168 1725; x_wconf 87' lang='lat' dir='ltr'>statuendum</span> <span class='ocrx_word' id='word_1_171' title='bbox 1189 1686 1263 1738; x_wconf 80' lang='lat' dir='ltr'>sit,</span> <span class='ocrx_word' id='word_1_172' title='bbox 1300 1690 1445 1741; x_wconf 86' lang='lat' dir='ltr'>postea</span> <span class='ocrx_word' id='word_1_173' title='bbox 1472 1685 1720 1726; x_wconf 81' lang='lat' dir='ltr'>videbimus.</span> 
     </span>
    </p>

    <p class='ocr_par' dir='ltr' id='par_1_3' title="bbox 161 1762 1719 1819">
     <span class='ocr_line' id='line_1_21' title="bbox 161 1762 1719 1819; baseline -0.001 -15"><span class='ocrx_word' id='word_1_174' title='bbox 161 1764 390 1819; x_wconf 86' lang='lat' dir='ltr'>Postquam</span> <span class='ocrx_word' id='word_1_175' title='bbox 435 1763 541 1804; x_wconf 87' lang='lat' dir='ltr'>forte</span> <span class='ocrx_word' id='word_1_176' title='bbox 588 1763 715 1804; x_wconf 88' lang='lat' dir='ltr'>atomi</span> <span class='ocrx_word' id='word_1_177' title='bbox 760 1763 804 1803; x_wconf 87' lang='lat' dir='ltr'>in</span> <span class='ocrx_word' id='word_1_178' title='bbox 841 1762 965 1803; x_wconf 91' lang='lat' dir='ltr'>huius</span> <span class='ocrx_word' id='word_1_179' title='bbox 996 1763 1140 1803; x_wconf 88' lang='lat' dir='ltr'>mundi</span> <span class='ocrx_word' id='word_1_180' title='bbox 1174 1763 1353 1818; x_wconf 87' lang='lat' dir='ltr'>primam</span> <span class='ocrx_word' id='word_1_181' title='bbox 1385 1763 1719 1817; x_wconf 77' lang='lat' dir='ltr'>complexionem</span> 
     </span>
    </p>
   </div>
   <div class='ocr_carea' id='block_1_3' title="bbox 106 1840 1719 1896">
    <p class='ocr_par' dir='ltr' id='par_1_4' title="bbox 106 1840 1719 1896">
     <span class='ocr_line' id='line_1_22' title="bbox 106 1840 1719 1896; baseline -0.001 -14"><span class='ocrx_word' id='word_1_182' title='bbox 106 1842 424 1894; x_wconf 80' lang='lat' dir='ltr'>confluxerunt,</span> <span class='ocrx_word' id='word_1_183' title='bbox 462 1845 556 1896; x_wconf 87' lang='lat' dir='ltr'>post</span> <span class='ocrx_word' id='word_1_184' title='bbox 591 1846 780 1896; x_wconf 85' lang='lat' dir='ltr'>„tempus</span> <span class='ocrx_word' id='word_1_185' title='bbox 812 1841 1022 1895; x_wconf 81' lang='lat' dir='ltr'>genitale&#39;&#39;</span> <span class='ocrx_word' id='word_1_186' title='bbox 1056 1855 1151 1881; x_wconf 89' lang='lat' dir='ltr'>cum</span> <span class='ocrx_word' id='word_1_187' title='bbox 1181 1841 1316 1895; x_wconf 87' lang='lat' dir='ltr'>prima</span> <span class='ocrx_word' id='word_1_188' title='bbox 1346 1841 1465 1881; x_wconf 79' lang='lat' dir='ltr'>initia</span> <span class='ocrx_word' id='word_1_189' title='bbox 1495 1840 1619 1881; x_wconf 91' lang='lat' dir='ltr'>huius</span> <span class='ocrx_word' id='word_1_190' title='bbox 1657 1855 1719 1881; x_wconf 90' lang='lat' dir='ltr'>cr-</span> 
     </span>
    </p>
   </div>
   <div class='ocr_carea' id='block_1_4' title="bbox 108 1995 1723 2979">
    <p class='ocr_par' dir='ltr' id='par_1_5' title="bbox 108 1995 1723 2667">
     <span class='ocr_line' id='line_1_23' title="bbox 151 1995 1718 2039; baseline -0.001 -10"><span class='ocrx_word' id='word_1_191' title='bbox 151 1998 175 2039; x_wconf 89' lang='lat' dir='ltr'>l)</span> <span class='ocrx_word' id='word_1_192' title='bbox 224 1997 265 2029; x_wconf 87' lang='lat' dir='ltr'>In</span> <span class='ocrx_word' id='word_1_193' title='bbox 296 2000 450 2038; x_wconf 86' lang='lat' dir='ltr'>sequente</span> <span class='ocrx_word' id='word_1_194' title='bbox 479 1996 680 2037; x_wconf 82' lang='lat' dir='ltr'>paragrapho</span> <span class='ocrx_word' id='word_1_195' title='bbox 716 1999 777 2034; x_wconf 84' lang='lat'>(90)</span> <span class='ocrx_word' id='word_1_196' title='bbox 808 1996 970 2037; x_wconf 85' lang='lat' dir='ltr'>Epicurus</span> <span class='ocrx_word' id='word_1_197' title='bbox 1003 1999 1169 2037; x_wconf 82' lang='lat' dir='ltr'>oppugnat</span> <span class='ocrx_word' id='word_1_198' title='bbox 1192 1995 1365 2038; x_wconf 74' lang='lat' dir='ltr'>physicum</span> <span class='ocrx_word' id='word_1_199' title='bbox 1389 1996 1567 2036; x_wconf 79' lang='lat' dir='ltr'>quendam:</span> <span class='ocrx_word' id='word_1_200' title='bbox 1593 1996 1633 2028; x_wconf 83' lang='grc' dir='ltr'>οὐ</span> <span class='ocrx_word' id='word_1_201' title='bbox 1657 1997 1718 2037; x_wconf 83' lang='grc' dir='ltr'>γὰρ</span> 
     </span>
     <span class='ocr_line' id='line_1_24' title="bbox 108 2058 1721 2102; baseline -0.002 -11"><span class='ocrx_word' id='word_1_202' title='bbox 108 2061 292 2101; x_wconf 67' lang='grc' dir='ltr'>ἀθροισμὸν</span> <span class='ocrx_word' id='word_1_203' title='bbox 321 2060 367 2091; x_wconf 74' lang='grc' dir='ltr'>δεῖ</span> <span class='ocrx_word' id='word_1_204' title='bbox 396 2062 499 2100; x_wconf 86' lang='grc' dir='ltr'>μόνον</span> <span class='ocrx_word' id='word_1_205' title='bbox 526 2059 681 2102; x_wconf 64' lang='grc' dir='ltr'>γενέσθαι</span> <span class='ocrx_word' id='word_1_206' title='bbox 716 2059 790 2091; x_wconf 80' lang='grc' dir='ltr'>οὐδὲ</span> <span class='ocrx_word' id='word_1_207' title='bbox 829 2058 921 2091; x_wconf 85' lang='grc' dir='ltr'>δῖνον</span> <span class='ocrx_word' id='word_1_208' title='bbox 958 2059 994 2090; x_wconf 80' lang='grc' dir='ltr'>ἐν</span> <span class='ocrx_word' id='word_1_209' title='bbox 1021 2058 1045 2100; x_wconf 79' lang='grc' dir='ltr'><em>ᾦ</em></span> <span class='ocrx_word' id='word_1_210' title='bbox 1081 2058 1250 2099; x_wconf 79' lang='grc' dir='ltr'>ἐνδέχεται</span> <span class='ocrx_word' id='word_1_211' title='bbox 1285 2059 1408 2098; x_wconf 83' lang='grc' dir='ltr'>κόσμον</span> <span class='ocrx_word' id='word_1_212' title='bbox 1447 2059 1597 2099; x_wconf 65' lang='grc' dir='ltr'>γίνεσθαι</span> <span class='ocrx_word' id='word_1_213' title='bbox 1637 2060 1721 2100; x_wconf 74' lang='grc' dir='ltr'>κενῷ</span> 
     </span>
     <span class='ocr_line' id='line_1_25' title="bbox 109 2121 1720 2164; baseline -0.001 -10"><span class='ocrx_word' id='word_1_214' title='bbox 109 2124 194 2154; x_wconf 79' lang='grc' dir='ltr'>κατὰ</span> <span class='ocrx_word' id='word_1_215' title='bbox 231 2126 269 2155; x_wconf 83' lang='grc' dir='ltr'>τὸ</span> <span class='ocrx_word' id='word_1_216' title='bbox 298 2122 519 2162; x_wconf 71' lang='grc' dir='ltr'>δοξαζόμενον</span> <span class='ocrx_word' id='word_1_217' title='bbox 553 2123 583 2156; x_wconf 71' lang='grc' dir='ltr'>ἐξ</span> <span class='ocrx_word' id='word_1_218' title='bbox 610 2121 779 2164; x_wconf 63' lang='grc' dir='ltr'>ἀνάγκης,</span> <span class='ocrx_word' id='word_1_219' title='bbox 811 2123 970 2158; x_wconf 60' lang='grc' dir='ltr'>αὔξεσθαι</span> <span class='ocrx_word' id='word_1_220' title='bbox 998 2123 1026 2152; x_wconf 62' lang='lat'>33&#39;</span> <span class='ocrx_word' id='word_1_221' title='bbox 1046 2121 1104 2158; x_wconf 76' lang='grc' dir='ltr'>ἕως</span> <span class='ocrx_word' id='word_1_222' title='bbox 1130 2122 1172 2153; x_wconf 82' lang='grc' dir='ltr'>ἂν</span> <span class='ocrx_word' id='word_1_223' title='bbox 1199 2121 1297 2162; x_wconf 66' lang='grc' dir='ltr'>ἑτέρῳ</span> <span class='ocrx_word' id='word_1_224' title='bbox 1320 2121 1550 2162; x_wconf 72' lang='grc' dir='ltr'>προεκροὺσῃ,</span> <span class='ocrx_word' id='word_1_225' title='bbox 1569 2121 1720 2162; x_wconf 62' lang='grc' dir='ltr'>καθάπερ</span> 
     </span>
     <span class='ocr_line' id='line_1_26' title="bbox 110 2182 1723 2227; baseline -0.003 -10"><span class='ocrx_word' id='word_1_226' title='bbox 110 2189 177 2217; x_wconf 82' lang='grc' dir='ltr'>τῶν</span> <span class='ocrx_word' id='word_1_227' title='bbox 213 2189 356 2227; x_wconf 82' lang='grc' dir='ltr'>φυσικῶν</span> <span class='ocrx_word' id='word_1_228' title='bbox 394 2187 607 2226; x_wconf 72' lang='grc' dir='ltr'>καλουμένων</span> <span class='ocrx_word' id='word_1_229' title='bbox 645 2187 723 2226; x_wconf 83' lang='grc' dir='ltr'>φησί</span> <span class='ocrx_word' id='word_1_230' title='bbox 760 2197 820 2221; x_wconf 81' lang='grc' dir='ltr'>τις.</span> <span class='ocrx_word' id='word_1_231' title='bbox 878 2184 977 2215; x_wconf 90' lang='lat' dir='ltr'>Hunc</span> <span class='ocrx_word' id='word_1_232' title='bbox 1014 2183 1186 2225; x_wconf 76' lang='lat' dir='ltr'>physicum</span> <span class='ocrx_word' id='word_1_233' title='bbox 1225 2182 1426 2223; x_wconf 83' lang='lat' dir='ltr'>Leucippum</span> <span class='ocrx_word' id='word_1_234' title='bbox 1457 2193 1544 2220; x_wconf 84' lang='lat' dir='ltr'>esse,</span> <span class='ocrx_word' id='word_1_235' title='bbox 1584 2193 1723 2223; x_wconf 85' lang='lat' dir='ltr'>quocum</span> 
     </span>
     <span class='ocr_line' id='line_1_27' title="bbox 108 2245 1721 2289; baseline -0.002 -9"><span class='ocrx_word' id='word_1_236' title='bbox 108 2247 144 2279; x_wconf 87' lang='lat' dir='ltr'>in</span> <span class='ocrx_word' id='word_1_237' title='bbox 191 2248 263 2280; x_wconf 72' lang='lat' dir='ltr'>aliis</span> <span class='ocrx_word' id='word_1_238' title='bbox 296 2248 444 2289; x_wconf 86' lang='lat' dir='ltr'>plurimis</span> <span class='ocrx_word' id='word_1_239' title='bbox 493 2247 702 2285; x_wconf 78' lang='lat' dir='ltr'>concinebat,</span> <span class='ocrx_word' id='word_1_240' title='bbox 742 2246 866 2278; x_wconf 80' lang='lat' dir='ltr'>videbis</span> <span class='ocrx_word' id='word_1_241' title='bbox 904 2258 920 2278; x_wconf 88' lang='lat' dir='ltr'>e</span> <span class='ocrx_word' id='word_1_242' title='bbox 954 2247 997 2278; x_wconf 92' lang='lat' dir='ltr'>D.</span> <span class='ocrx_word' id='word_1_243' title='bbox 1038 2247 1072 2278; x_wconf 92' lang='lat' dir='ltr'>L.</span> <span class='ocrx_word' id='word_1_244' title='bbox 1104 2246 1174 2284; x_wconf 87' lang='lat' dir='ltr'>IX,</span> <span class='ocrx_word' id='word_1_245' title='bbox 1212 2248 1252 2284; x_wconf 89' lang='lat'>6,</span> <span class='ocrx_word' id='word_1_246' title='bbox 1297 2248 1354 2276; x_wconf 88' lang='lat'>31:</span> <span class='ocrx_word' id='word_1_247' title='bbox 1389 2247 1539 2288; x_wconf 69' lang='grc' dir='ltr'>γίνεσθαι</span> <span class='ocrx_word' id='word_1_248' title='bbox 1575 2245 1604 2277; x_wconf 84' lang='grc' dir='ltr'>δὲ</span> <span class='ocrx_word' id='word_1_249' title='bbox 1643 2246 1721 2282; x_wconf 76' lang='grc' dir='ltr'>τοὺς</span> 
     </span>
     <span class='ocr_line' id='line_1_28' title="bbox 110 2308 1722 2352; baseline -0.002 -9"><span class='ocrx_word' id='word_1_250' title='bbox 110 2312 252 2352; x_wconf 80' lang='grc' dir='ltr'>κόσμους</span> <span class='ocrx_word' id='word_1_251' title='bbox 281 2310 560 2352; x_wconf 67' lang='grc' dir='ltr'>οὔτιν’φέρεσθαι</span> <span class='ocrx_word' id='word_1_252' title='bbox 599 2313 670 2342; x_wconf 87' lang='grc' dir='ltr'>κατ’</span> <span class='ocrx_word' id='word_1_253' title='bbox 711 2310 893 2351; x_wconf 74' lang='grc' dir='ltr'>ἀποτομὴν</span> <span class='ocrx_word' id='word_1_254' title='bbox 919 2311 952 2341; x_wconf 79' lang='grc' dir='ltr'>ἐκ</span> <span class='ocrx_word' id='word_1_255' title='bbox 981 2312 1042 2348; x_wconf 85' lang='grc' dir='ltr'>τῆς</span> <span class='ocrx_word' id='word_1_256' title='bbox 1065 2308 1206 2348; x_wconf 77' lang='grc' dir='ltr'>α’πεὶρου</span> <span class='ocrx_word' id='word_1_257' title='bbox 1249 2310 1363 2341; x_wconf 56' lang='grc' dir='ltr'>ποΧλὰ</span> <span class='ocrx_word' id='word_1_258' title='bbox 1401 2309 1539 2339; x_wconf 68' lang='grc' dir='ltr'>σώνιατα</span> <span class='ocrx_word' id='word_1_259' title='bbox 1575 2310 1722 2340; x_wconf 84' lang='grc' dir='ltr'>παντοῖα</span> 
     </span>
     <span class='ocr_line' id='line_1_29' title="bbox 111 2371 1719 2416; baseline -0.004 -9"><span class='ocrx_word' id='word_1_260' title='bbox 111 2377 181 2412; x_wconf 86' lang='grc' dir='ltr'>τοῖς</span> <span class='ocrx_word' id='word_1_261' title='bbox 220 2375 390 2416; x_wconf 83' lang='grc' dir='ltr'>σχῆμασιν</span> <span class='ocrx_word' id='word_1_262' title='bbox 422 2375 465 2412; x_wconf 83' lang='grc' dir='ltr'>εἰς</span> <span class='ocrx_word' id='word_1_263' title='bbox 492 2375 575 2416; x_wconf 82' lang='grc' dir='ltr'>μέγα</span> <span class='ocrx_word' id='word_1_264' title='bbox 604 2376 722 2412; x_wconf 87' lang='grc' dir='ltr'>κενόν,</span> <span class='ocrx_word' id='word_1_265' title='bbox 755 2375 838 2414; x_wconf 77' lang='grc' dir='ltr'>ἅπερ</span> <span class='ocrx_word' id='word_1_266' title='bbox 866 2372 1094 2413; x_wconf 62' lang='grc' dir='ltr'>ἀθροισθέντα</span> <span class='ocrx_word' id='word_1_267' title='bbox 1122 2372 1219 2410; x_wconf 82' lang='grc' dir='ltr'>δίνην</span> <span class='ocrx_word' id='word_1_268' title='bbox 1240 2371 1490 2413; x_wconf 68' lang='grc' dir='ltr'>ἀπεργάζεσθαι</span> <span class='ocrx_word' id='word_1_269' title='bbox 1517 2371 1614 2412; x_wconf 83' lang='grc' dir='ltr'>μίαν,</span> <span class='ocrx_word' id='word_1_270' title='bbox 1645 2372 1719 2402; x_wconf 62' lang='grc' dir='ltr'>καθ’</span> 
     </span>
     <span class='ocr_line' id='line_1_30' title="bbox 111 2435 1722 2478; baseline -0.001 -9"><span class='ocrx_word' id='word_1_271' title='bbox 111 2439 153 2476; x_wconf 90' lang='grc' dir='ltr'>ἣν</span> <span class='ocrx_word' id='word_1_272' title='bbox 183 2438 439 2478; x_wconf 75' lang='grc' dir='ltr'>προσκρούοντα</span> <span class='ocrx_word' id='word_1_273' title='bbox 476 2439 531 2469; x_wconf 85' lang='grc' dir='ltr'>καὶ</span> <span class='ocrx_word' id='word_1_274' title='bbox 562 2437 792 2474; x_wconf 77' lang='grc' dir='ltr'>παντοδαπῶς</span> <span class='ocrx_word' id='word_1_275' title='bbox 828 2437 1034 2476; x_wconf 80' lang='grc' dir='ltr'>κυκλούμενα</span> <span class='ocrx_word' id='word_1_276' title='bbox 1073 2435 1300 2476; x_wconf 63' lang='grc' dir='ltr'>διακρίνεσθαι</span> <span class='ocrx_word' id='word_1_277' title='bbox 1329 2437 1432 2475; x_wconf 58' lang='grc' dir='ltr'>χωρ”ς</span> <span class='ocrx_word' id='word_1_278' title='bbox 1454 2436 1493 2465; x_wconf 82' lang='grc' dir='ltr'>τὰ</span> <span class='ocrx_word' id='word_1_279' title='bbox 1513 2435 1607 2474; x_wconf 84' lang='grc' dir='ltr'>ὅμοια</span> <span class='ocrx_word' id='word_1_280' title='bbox 1636 2436 1722 2475; x_wconf 83' lang='grc' dir='ltr'>πρὸς</span> 
     </span>
     <span class='ocr_line' id='line_1_31' title="bbox 111 2496 1723 2542; baseline -0.003 -9"><span class='ocrx_word' id='word_1_281' title='bbox 111 2502 152 2533; x_wconf 87' lang='grc' dir='ltr'>τὰ</span> <span class='ocrx_word' id='word_1_282' title='bbox 177 2501 282 2542; x_wconf 80' lang='grc' dir='ltr'>ὅμοια.</span> <span class='ocrx_word' id='word_1_283' title='bbox 327 2501 377 2531; x_wconf 81' lang='lat' dir='ltr'>Ex</span> <span class='ocrx_word' id='word_1_284' title='bbox 400 2499 458 2531; x_wconf 83' lang='lat' dir='ltr'>illo</span> <span class='ocrx_word' id='word_1_285' title='bbox 481 2499 661 2542; x_wconf 51' lang='grc' dir='ltr'>,φέρεσθαι</span> <span class='ocrx_word' id='word_1_286' title='bbox 690 2500 734 2536; x_wconf 80' lang='grc' dir='ltr'>εἰς</span> <span class='ocrx_word' id='word_1_287' title='bbox 765 2499 847 2541; x_wconf 82' lang='grc' dir='ltr'>μέγα</span> <span class='ocrx_word' id='word_1_288' title='bbox 868 2498 986 2530; x_wconf 86' lang='grc' dir='ltr'>κενόν”</span> <span class='ocrx_word' id='word_1_289' title='bbox 1011 2497 1108 2529; x_wconf 82' lang='lat' dir='ltr'>simul</span> <span class='ocrx_word' id='word_1_290' title='bbox 1130 2497 1240 2528; x_wconf 85' lang='lat' dir='ltr'>videre</span> <span class='ocrx_word' id='word_1_291' title='bbox 1262 2496 1338 2528; x_wconf 67' lang='lat' dir='ltr'>licet</span> <span class='ocrx_word' id='word_1_292' title='bbox 1361 2496 1395 2527; x_wconf 89' lang='lat' dir='ltr'>in</span> <span class='ocrx_word' id='word_1_293' title='bbox 1419 2497 1432 2537; x_wconf 75' lang='lat'><em>§</em></span> <span class='ocrx_word' id='word_1_294' title='bbox 1457 2498 1513 2528; x_wconf 82' lang='lat'>89:</span> <span class='ocrx_word' id='word_1_295' title='bbox 1539 2497 1593 2529; x_wconf 89' lang='grc' dir='ltr'>καὶ</span> <span class='ocrx_word' id='word_1_296' title='bbox 1614 2498 1674 2529; x_wconf 79' lang='grc' dir='ltr'>οὐκ</span> <span class='ocrx_word' id='word_1_297' title='bbox 1687 2498 1723 2528; x_wconf 81' lang='grc' dir='ltr'>ἐν</span> 
     </span>
     <span class='ocr_line' id='line_1_32' title="bbox 111 2559 1723 2606; baseline -0.001 -13"><span class='ocrx_word' id='word_1_298' title='bbox 111 2565 242 2606; x_wconf 72' lang='grc' dir='ltr'>μεγάλῳ</span> <span class='ocrx_word' id='word_1_299' title='bbox 274 2563 443 2604; x_wconf 81' lang='grc' dir='ltr'>εἰλικρινεῖ</span> <span class='ocrx_word' id='word_1_300' title='bbox 477 2565 532 2595; x_wconf 87' lang='grc' dir='ltr'>καὶ</span> <span class='ocrx_word' id='word_1_301' title='bbox 564 2565 668 2604; x_wconf 78' lang='grc' dir='ltr'>κενῷ</span> <span class='ocrx_word' id='word_1_302' title='bbox 693 2562 867 2603; x_wconf 85' lang='lat' dir='ltr'>legendum</span> <span class='ocrx_word' id='word_1_303' title='bbox 897 2572 981 2599; x_wconf 83' lang='lat' dir='ltr'>esse,</span> <span class='ocrx_word' id='word_1_304' title='bbox 1013 2561 1096 2602; x_wconf 88' lang='lat' dir='ltr'>quod</span> <span class='ocrx_word' id='word_1_305' title='bbox 1121 2561 1219 2592; x_wconf 82' lang='lat' dir='ltr'>codex</span> <span class='ocrx_word' id='word_1_306' title='bbox 1247 2559 1337 2592; x_wconf 84' lang='lat' dir='ltr'>Leid.</span> <span class='ocrx_word' id='word_1_307' title='bbox 1365 2559 1463 2591; x_wconf 84' lang='lat' dir='ltr'>habet</span> <span class='ocrx_word' id='word_1_308' title='bbox 1489 2563 1522 2591; x_wconf 88' lang='lat' dir='ltr'>et</span> <span class='ocrx_word' id='word_1_309' title='bbox 1543 2570 1601 2591; x_wconf 91' lang='lat' dir='ltr'>nos</span> <span class='ocrx_word' id='word_1_310' title='bbox 1625 2570 1723 2600; x_wconf 82' lang='lat' dir='ltr'>supra</span> 
     </span>
     <span class='ocr_line' id='line_1_33' title="bbox 111 2612 1720 2667; baseline -0.002 -10"><span class='ocrx_word' id='word_1_311' title='bbox 111 2612 332 2664; x_wconf 80' lang='lat' dir='ltr'>defendimus,</span> <span class='ocrx_word' id='word_1_312' title='bbox 355 2635 460 2667; x_wconf 86' lang='lat' dir='ltr'>neque</span> <span class='ocrx_word' id='word_1_313' title='bbox 482 2628 519 2657; x_wconf 88' lang='lat' dir='ltr'>ut</span> <span class='ocrx_word' id='word_1_314' title='bbox 543 2625 613 2657; x_wconf 84' lang='lat' dir='ltr'>viro</span> <span class='ocrx_word' id='word_1_315' title='bbox 640 2624 818 2656; x_wconf 85' lang='lat' dir='ltr'>clarissimo</span> <span class='ocrx_word' id='word_1_316' title='bbox 845 2624 975 2661; x_wconf 87' lang='lat' dir='ltr'>Cobeto,</span> <span class='ocrx_word' id='word_1_317' title='bbox 1004 2622 1217 2654; x_wconf 87' lang='lat' dir='ltr'>Meibomium</span> <span class='ocrx_word' id='word_1_318' title='bbox 1245 2626 1375 2660; x_wconf 85' lang='lat' dir='ltr'>secuto,</span> <span class='ocrx_word' id='word_1_319' title='bbox 1402 2621 1511 2653; x_wconf 85' lang='lat' dir='ltr'>visum</span> <span class='ocrx_word' id='word_1_320' title='bbox 1526 2625 1574 2654; x_wconf 86' lang='lat' dir='ltr'>est</span> <span class='ocrx_word' id='word_1_321' title='bbox 1599 2622 1720 2664; x_wconf 80' lang='grc' dir='ltr'>α’κένῳ.</span> 
     </span>
    </p>

    <p class='ocr_par' dir='ltr' id='par_1_6' title="bbox 111 2684 1721 2854">
     <span class='ocr_line' id='line_1_34' title="bbox 153 2684 1720 2729; baseline -0.002 -9"><span class='ocrx_word' id='word_1_322' title='bbox 153 2688 178 2727; x_wconf 85' lang='lat'>²)</span> <span class='ocrx_word' id='word_1_323' title='bbox 224 2688 265 2720; x_wconf 89' lang='lat' dir='ltr'>D.</span> <span class='ocrx_word' id='word_1_324' title='bbox 305 2688 341 2720; x_wconf 91' lang='lat' dir='ltr'>L.</span> <span class='ocrx_word' id='word_1_325' title='bbox 379 2688 429 2726; x_wconf 86' lang='lat' dir='ltr'>X,</span> <span class='ocrx_word' id='word_1_326' title='bbox 468 2690 526 2719; x_wconf 90' lang='lat'>45:</span> <span class='ocrx_word' id='word_1_327' title='bbox 553 2688 738 2729; x_wconf 86' lang='grc' dir='ltr'>κόσμοι...</span> <span class='ocrx_word' id='word_1_328' title='bbox 779 2687 838 2719; x_wconf 67' lang='grc' dir='ltr'>εἶθ’</span> <span class='ocrx_word' id='word_1_329' title='bbox 866 2688 968 2728; x_wconf 85' lang='grc' dir='ltr'>ὅμοιοι</span> <span class='ocrx_word' id='word_1_330' title='bbox 992 2686 1101 2727; x_wconf 78' lang='grc' dir='ltr'>τούτῳ</span> <span class='ocrx_word' id='word_1_331' title='bbox 1129 2687 1184 2717; x_wconf 75' lang='grc' dir='ltr'>εἴτ’</span> <span class='ocrx_word' id='word_1_332' title='bbox 1214 2685 1362 2725; x_wconf 84' lang='grc' dir='ltr'>α’νόμυιοι</span> <span class='ocrx_word' id='word_1_333' title='bbox 1382 2708 1388 2715; x_wconf 97' lang='grc'><em>.</em></span> <span class='ocrx_word' id='word_1_334' title='bbox 1408 2710 1413 2717; x_wconf 93' lang='grc'><em>.</em></span> <span class='ocrx_word' id='word_1_335' title='bbox 1435 2711 1440 2716; x_wconf 92' lang='grc'><strong>.</strong></span> <span class='ocrx_word' id='word_1_336' title='bbox 1467 2684 1553 2716; x_wconf 83' lang='lat' dir='ltr'>Stob.</span> <span class='ocrx_word' id='word_1_337' title='bbox 1588 2685 1656 2716; x_wconf 31' lang='lat' dir='ltr'>Ecl*</span> <span class='ocrx_word' id='word_1_338' title='bbox 1683 2685 1720 2724; x_wconf 91' lang='lat' dir='ltr'>I,</span> 
     </span>
     <span class='ocr_line' id='line_1_35' title="bbox 111 2746 1721 2791; baseline -0.001 -10"><span class='ocrx_word' id='word_1_339' title='bbox 111 2761 185 2791; x_wconf 85' lang='lat' dir='ltr'>pag.</span> <span class='ocrx_word' id='word_1_340' title='bbox 213 2752 285 2782; x_wconf 88' lang='lat'>498.</span> <span class='ocrx_word' id='word_1_341' title='bbox 318 2753 390 2781; x_wconf 82' lang='grc' dir='ltr'>Τῶν</span> <span class='ocrx_word' id='word_1_342' title='bbox 428 2749 453 2781; x_wconf 83' lang='grc' dir='ltr'>δ’</span> <span class='ocrx_word' id='word_1_343' title='bbox 472 2749 631 2791; x_wconf 79' lang='grc' dir='ltr'>α’πεὶρους</span> <span class='ocrx_word' id='word_1_344' title='bbox 665 2749 939 2791; x_wconf 74' lang='grc' dir='ltr'>ἀποφηναμένων</span> <span class='ocrx_word' id='word_1_345' title='bbox 979 2750 1056 2786; x_wconf 83' lang='grc' dir='ltr'>τοὺς</span> <span class='ocrx_word' id='word_1_346' title='bbox 1099 2750 1240 2788; x_wconf 76' lang='grc' dir='ltr'>κόσμους</span> <span class='ocrx_word' id='word_1_347' title='bbox 1286 2746 1552 2788; x_wconf 76' lang='grc' dir='ltr'>Ἀναξίμανδρος</span> <span class='ocrx_word' id='word_1_348' title='bbox 1584 2749 1621 2778; x_wconf 90' lang='grc' dir='ltr'>τὸ</span> <span class='ocrx_word' id='word_1_349' title='bbox 1645 2748 1721 2780; x_wconf 80' lang='grc' dir='ltr'>ἰ’σον</span> 
     </span>
     <span class='ocr_line' id='line_1_36' title="bbox 112 2809 1719 2854; baseline -0.003 -10"><span class='ocrx_word' id='word_1_350' title='bbox 112 2814 238 2850; x_wconf 77' lang='grc' dir='ltr'>αὐτοὺς</span> <span class='ocrx_word' id='word_1_351' title='bbox 261 2813 398 2854; x_wconf 83' lang='grc' dir='ltr'>ἀπέχειν</span> <span class='ocrx_word' id='word_1_352' title='bbox 427 2812 613 2850; x_wconf 75' lang='grc' dir='ltr'>ἀλλήλων,</span> <span class='ocrx_word' id='word_1_353' title='bbox 640 2812 837 2853; x_wconf 84' lang='grc' dir='ltr'>Ἐπίκουρος</span> <span class='ocrx_word' id='word_1_354' title='bbox 863 2812 981 2843; x_wconf 79' lang='grc' dir='ltr'>ἄνισον</span> <span class='ocrx_word' id='word_1_355' title='bbox 1008 2813 1090 2842; x_wconf 79' lang='grc' dir='ltr'>εἶναι</span> <span class='ocrx_word' id='word_1_356' title='bbox 1117 2813 1154 2843; x_wconf 89' lang='grc' dir='ltr'>τὸ</span> <span class='ocrx_word' id='word_1_357' title='bbox 1170 2810 1290 2850; x_wconf 74' lang='grc' dir='ltr'>μεταξὺ</span> <span class='ocrx_word' id='word_1_358' title='bbox 1309 2814 1375 2841; x_wconf 80' lang='grc' dir='ltr'>τῶν</span> <span class='ocrx_word' id='word_1_359' title='bbox 1391 2810 1524 2849; x_wconf 85' lang='grc' dir='ltr'>κόσμων</span> <span class='ocrx_word' id='word_1_360' title='bbox 1541 2809 1719 2849; x_wconf 81' lang='grc' dir='ltr'>διάστημα.</span> 
     </span>
    </p>

    <p class='ocr_par' dir='ltr' id='par_1_7' title="bbox 114 2871 1721 2979">
     <span class='ocr_line' id='line_1_37' title="bbox 156 2871 1721 2916; baseline -0.002 -9"><span class='ocrx_word' id='word_1_361' title='bbox 156 2875 179 2914; x_wconf 82' lang='lat'>³)</span> <span class='ocrx_word' id='word_1_362' title='bbox 225 2875 279 2908; x_wconf 84' lang='lat' dir='ltr'>Vs.</span> <span class='ocrx_word' id='word_1_363' title='bbox 306 2877 384 2906; x_wconf 85' lang='lat'>1023</span> <span class='ocrx_word' id='word_1_364' title='bbox 413 2885 491 2916; x_wconf 84' lang='lat' dir='ltr'>seqq</span> <span class='ocrx_word' id='word_1_365' title='bbox 546 2875 622 2906; x_wconf 87' lang='lat' dir='ltr'>Non</span> <span class='ocrx_word' id='word_1_366' title='bbox 646 2874 754 2905; x_wconf 77' lang='lat' dir='ltr'>minus</span> <span class='ocrx_word' id='word_1_367' title='bbox 781 2873 899 2905; x_wconf 75' lang='lat' dir='ltr'>diserte</span> <span class='ocrx_word' id='word_1_368' title='bbox 926 2873 1087 2914; x_wconf 86' lang='lat' dir='ltr'>Epicurus</span> <span class='ocrx_word' id='word_1_369' title='bbox 1124 2872 1170 2903; x_wconf 84' lang='lat' dir='ltr'>ait</span> <span class='ocrx_word' id='word_1_370' title='bbox 1197 2871 1301 2903; x_wconf 76' lang='lat' dir='ltr'>simile</span> <span class='ocrx_word' id='word_1_371' title='bbox 1328 2871 1407 2913; x_wconf 86' lang='lat' dir='ltr'>quid</span> <span class='ocrx_word' id='word_1_372' title='bbox 1422 2872 1509 2912; x_wconf 86' lang='lat' dir='ltr'>apud</span> <span class='ocrx_word' id='word_1_373' title='bbox 1526 2871 1721 2904; x_wconf 83' lang='lat' dir='ltr'>Stob.F10r.</span> 
     </span>
     <span class='ocr_line' id='line_1_38' title="bbox 114 2936 1721 2979; baseline -0.003 -8"><span class='ocrx_word' id='word_1_374' title='bbox 114 2939 184 2978; x_wconf 87' lang='lat' dir='ltr'>IV,</span> <span class='ocrx_word' id='word_1_375' title='bbox 227 2941 299 2970; x_wconf 86' lang='lat'>218.</span> <span class='ocrx_word' id='word_1_376' title='bbox 346 2940 392 2970; x_wconf 75' lang='grc' dir='ltr'>Οὐ</span> <span class='ocrx_word' id='word_1_377' title='bbox 432 2939 692 2979; x_wconf 67' lang='grc' dir='ltr'>προσποιεῖσθαι</span> <span class='ocrx_word' id='word_1_378' title='bbox 734 2937 780 2969; x_wconf 90' lang='grc' dir='ltr'>δεῖ</span> <span class='ocrx_word' id='word_1_379' title='bbox 817 2938 1019 2978; x_wconf 79' lang='grc' dir='ltr'>φιλοσοφεῖν,</span> <span class='ocrx_word' id='word_1_380' title='bbox 1067 2936 1147 2968; x_wconf 75' lang='grc' dir='ltr'>ἁλλ’</span> <span class='ocrx_word' id='word_1_381' title='bbox 1197 2936 1302 2972; x_wconf 85' lang='grc' dir='ltr'>ὅντως</span> <span class='ocrx_word' id='word_1_382' title='bbox 1343 2938 1557 2977; x_wconf 82' lang='grc' dir='ltr'>φιλοσοφεῖν,</span> <span class='ocrx_word' id='word_1_383' title='bbox 1594 2937 1631 2967; x_wconf 82' lang='grc' dir='ltr'>οὐ</span> <span class='ocrx_word' id='word_1_384' title='bbox 1659 2937 1721 2978; x_wconf 87' lang='grc' dir='ltr'>γὰρ</span> 
     </span>
    </p>
   </div>
   <div class='ocr_carea' id='block_1_5' title="bbox 116 2997 1485 3043">
    <p class='ocr_par' dir='ltr' id='par_1_8' title="bbox 116 2997 1485 3043">
     <span class='ocr_line' id='line_1_39' title="bbox 116 2997 1485 3043; baseline -0.002 -10"><span class='ocrx_word' id='word_1_385' title='bbox 116 3001 344 3043; x_wconf 69' lang='grc' dir='ltr'>προσδεόμεθα</span> <span class='ocrx_word' id='word_1_386' title='bbox 372 3002 430 3033; x_wconf 83' lang='grc' dir='ltr'>τοῦ</span> <span class='ocrx_word' id='word_1_387' title='bbox 463 3000 570 3033; x_wconf 82' lang='grc' dir='ltr'>δοκεῖν</span> <span class='ocrx_word' id='word_1_388' title='bbox 598 3000 780 3042; x_wconf 76' lang='grc' dir='ltr'>ὑγιαίνειν,</span> <span class='ocrx_word' id='word_1_389' title='bbox 812 2999 905 3033; x_wconf 77' lang='grc' dir='ltr'>ἀλλὰ</span> <span class='ocrx_word' id='word_1_390' title='bbox 932 3001 990 3030; x_wconf 83' lang='grc' dir='ltr'>τοῦ</span> <span class='ocrx_word' id='word_1_391' title='bbox 1021 3000 1093 3031; x_wconf 83' lang='grc' dir='ltr'>κατ’</span> <span class='ocrx_word' id='word_1_392' title='bbox 1121 2997 1290 3036; x_wconf 61' lang='grc' dir='ltr'>ἀλήθειαν</span> <span class='ocrx_word' id='word_1_393' title='bbox 1312 2997 1485 3040; x_wconf 82' lang='grc' dir='ltr'>ὑγιαίνειν.</span> 
     </span>
    </p>
   </div>
  </div>
 </body>
</html>
