1894 3235
865 130 942 169 129

71 268 160 305 tum
205 264 366 305 caelum
412 268 622 317 vertatur,
670 263 805 304 sidera
853 277 947 304 cum
994 277 1042 304 eo
1090 275 1254 318 quoque
1287 260 1683 313 circumducuntur,

71 341 143 383 sed
183 356 232 383 ea
274 343 458 395 ratione,
508 347 556 382 ut
610 346 789 397 „quanto
836 355 1026 396 quaeque
1070 341 1204 395 magis
1250 340 1333 381 sint
1362 344 1517 380 terram
1549 338 1686 379 sidera

70 423 266 474 propter,
308 423 423 460 tanto
454 419 614 474 possint
644 419 781 458 minus
813 433 906 459 011111
938 419 1041 459 001011
1073 418 1240 459 turbine
1271 417 1392 458 ferri:
1434 429 1684 457 evanescere

71 496 183 536 enim
223 496 389 551 rapidas
427 496 539 536 illius
571 500 612 536 et
643 496 750 536 acris
781 495 973 536 imminui
1005 499 1149 550 supter
1179 495 1306 547 viris,
1352 493 1530 549 ideoque
1561 493 1686 533 relin-

71 574 142 629 qui
172 573 374 628 paulatim
406 574 534 614 solem
568 587 661 614 cum
694 573 986 628 posterioribu'
1020 573 1177 626 signis,
1210 571 1382 612 inferior
1411 571 1543 611 multo
1576 569 1687 626 quod

71 650 124 690 sit
169 664 293 704 quam
338 649 499 690 fervida
548 650 708 703 signa.”
760 650 1003 702 (623—28).
1066 649 1173 690 Cum
1220 647 1357 688 sidera
1395 647 1482 687 fixa
1520 646 1687 700 longius

71 727 224 767 distent
254 742 279 768 a
309 731 419 767 terra
451 741 575 782 quam
606 727 666 767 sol
699 738 823 782 atque
854 727 982 779 luna,
1015 739 1186 766 necesse
1219 730 1308 777 est,
1342 724 1376 765 51
1408 723 1556 764 eodem
1582 728 1686 764 tem-

70 817 170 859 pore
202 818 319 844 suam
350 803 543 859 quodque
575 804 685 844 viam
717 808 986 858 percurrant,
1019 808 1130 844 astra-
1160 802 1246 842 fixa
1266 802 1398 842 multo
1416 801 1593 842 celerius
1612 800 1688 842 cir-

71 880 372 921 cumducantnr
418 895 542 936 quam
584 881 645 921 sol
687 886 728 921 et
768 881 890 932 luna,
929 880 1126 935 quoniam
1171 880 1304 920 multo
1350 879 1559 933 longiores
1591 881 1688 918 sunt

71 957 236 1010 circuli,
280 971 382 1013 quos
430 957 681 998 describunt.
743 957 862 997 Haec
894 971 968 1011 pro
999 957 1160 997 ratione
1193 955 1415 996 distantiae
1448 968 1688 995 accrescens

71 1035 263 1076 celeritas
294 1040 435 1076 tamen
466 1050 549 1076 11011
582 1049 630 1076 ea
663 1045 750 1087 est,
783 1049 906 1090 quam
934 1035 1201 1075 Democritus
1221 1034 1337 1074 vult:
1371 1033 1499 1074 etiam
1520 1036 1689 1087 praeter

70 1112 177 1154 hanc
213 1114 419 1154 rationem
451 1113 644 1154 celeritas
678 1112 861 1153 siderum
890 1113 1094 1153 minuitur
1127 1099 1282 1167 Quanto
1313 1111 1448 1165 magis
1480 1114 1577 1150 sunt
1606 1114 1688 1150 ter-

70 1206 159 1231 ram
203 1196 396 1246 propter,
442 1191 501 1231 ita
541 1196 587 1231 ut
638 1205 720 1231 11011
763 1190 910 1231 eodem
955 1195 1144 1244 tempore
1183 1188 1404 1229 circuitum
1437 1187 1686 1239 conficiant,

71 1269 144 1309 sed
173 1269 267 1324 plus
299 1269 503 1323 temporis
533 1268 779 1323 impendant
811 1282 882 1320 ea,
916 1281 1022 1322 quae
1053 1267 1249 1322 propiora
1271 1266 1365 1306 sint.
1407 1265 1523 1313 Quae
1545 1269 1687 1306 autem

71 1360 196 1386 causa
237 1345 290 1385 sit
331 1345 457 1386 huius
488 1345 768 1400 phaenomeni
800 1359 883 1384 11011
914 1348 1194 1384 memoratur:
1242 1357 1340 1383 nam
1371 1342 1482 1397 quod
1513 1342 1686 1394 dicitur,

75 1423 290 1476 „imminui
321 1428 462 1477 supter
492 1423 650 1475 vi1·is⁷’,
682 1422 725 1462 id
762 1421 867 1462 nihil
899 1421 1096 1476 explicat,
1130 1446 1182 1449 —
1215 1420 1328 1474 Ergo
1351 1433 1446 1460 cum
1468 1419 1688 1459 501111111115

71 1500 263 1541 celeriter
306 1499 640 1540 circumducatur
685 1513 810 1553 quam
856 1498 992 1538 sidera
1035 1498 1142 1550 fixa,
1188 1496 1480 1550 retrogradum
1526 1499 1688 1536 motum

70 1577 226 1619 habere
271 1577 452 1618 videtur.
517 1577 673 1618 Stellae
720 1590 862 1617 01111105
908 1575 1152 1628 (secundum
1184 1574 1487 1626 Democritum)
1520 1573 1571 1614 ab
1594 1576 1689 1613 ortu

70 1655 114 1696 in
159 1669 350 1696 occasum
396 1655 587 1696 feruntur
607 1656 665 1707 ¹):
709 1668 808 1708 ergo
851 1654 909 1694 sol
950 1667 1024 1708 per
1056 1652 1275 1693 duodecim
1306 1652 1425 1705 signa.
1455 1651 1506 1691 ab
1539 1664 1688 1691 occasu

69 1733 114 1774 in
145 1734 348 1774 orientem
378 1733 476 1774 ferri
498 1733 720 1773 videbitur.
782 1732 823 1772 N
825 1746 892 1773 am
913 1731 977 1772 fac
999 1731 1128 1771 solem
1150 1730 1300 1770 0550111
1322 1729 1501 1781 Cancro,
1527 1728 1571 1768 id
1595 1732 1657 1769 051
1677 1760 1688 1782 ,

70 1811 253 1866 positum
284 1824 374 1851 0550
404 1811 448 1850 111
468 1811 602 1863 1111001,
635 1823 740 1864 quae
764 1824 787 1850 a
805 1809 953 1850 Cancri
976 1808 1291 1848 constellatione
1314 1806 1366 1847 ad
1383 1811 1537 1846 terram
1561 1805 1689 1846 ducta

71 1888 245 1942 cogitari
274 1892 439 1943 potest:
488 1888 522 1928 51
552 1901 684 1942 aeque
716 1887 909 1928 celeriter
940 1890 1065 1941 atque
1098 1890 1209 1926 astra
1239 1885 1324 1925 fixa
1356 1883 1687 1924 circumducere-

71 1969 167 2019 tur,
199 1970 292 2020 post
323 1979 510 2005 mensem
541 1965 585 2004 in
617 1964 763 2005 eodem
795 1964 913 2017 signo
944 1962 1233 2003 inveniretur:
1267 1976 1361 2002 cum
1382 1966 1524 2002 tamen
1550 1961 1688 2001 minus

72 2043 264 2084 celeriter
309 2042 653 2094 circumferatur,
699 2036 794 2096 post
824 2054 1040 2093 mensem,
1085 2040 1199 2081 coelo
1231 2039 1282 2080 ab
1316 2039 1476 2079 oriente
1507 2039 1551 2078 in
1583 2039 1688 2079 occi—

72 2120 241 2161 dentem
271 2134 314 2161 se
347 2120 571 2172 volvente,
603 2119 664 2160 sol
694 2133 781 2158 11011
813 2119 991 2173 amplius
1022 2118 1066 2158 in
1097 2132 1246 2158 cancro
1279 2117 1385 2170 erit,
1419 2117 1491 2157 sed
1516 2116 1689 2157 relictus

72 2211 163 2239 esse
206 2197 417 2238 videbitur
449 2202 491 2238 et
521 2198 564 2237 in
594 2197 684 2238 loco
715 2197 849 2251 magis
881 2197 1086 2237 orientem
1116 2209 1290 2247 Versus,
1336 2195 1380 2234 in
1411 2195 1583 2247 Leone,
1626 2194 1687 2234 in-

71 2275 251 2315 venitur.
322 2274 442 2315 Idem
489 2274 685 2328 deinceps
732 2273 1003 2329 sequentibus
1033 2272 1246 2312 mensibus
1276 2272 1371 2323 fiet,
1412 2271 1553 2326 itaque
1593 2275 1688 2326 post

72 2366 228 2393 annum
264 2351 481 2393 duodecim
502 2352 575 2392 illa
597 2352 716 2406 signa
738 2351 788 2392 ab
812 2365 960 2392 occasu
981 2350 1033 2390 ad
1054 2355 1190 2390 ortum
1210 2348 1466 2404 percurrisse
1489 2348 1550 2388 sol
1570 2347 1686 2388 vide-

71 2429 197 2470 bitur.
257 2429 418 2470 Eadem
448 2429 554 2470 ratio
588 2434 650 2470 est
680 2429 804 2470 lunae
836 2432 986 2469 motus.
1021 2452 1073 2455 ——
1105 2426 1264 2467 Dubito
1296 2439 1397 2466 num
1418 2425 1508 2480 ipse
1530 2425 1687 2466 Lucre-

71 2505 156 2546 tius
184 2505 292 2547 hanc
326 2505 582 2559 „Democriti
613 2510 801 2546 sanctam
832 2505 911 2545 viri
944 2503 1224 2545 sententiam⁷’
1258 2502 1535 2557 perspexerit.
1576 2502 1687 2543 Nam

73 2583 255 2638 primum
299 2597 359 2624 VS.
407 2585 601 2624 614—17
643 2583 816 2624 minime
849 2587 945 2623 sunt
977 2580 1150 2622 dilucidi
1181 2584 1223 2621 et
1253 2580 1449 2621 accurati.
1510 2579 1689 2621 Etiamsi

72 2754 146 2785 pag.
183 2745 254 2775 801.
286 2747 352 2775 not.
377 2746 413 2782 3,
442 2754 509 2775 non
530 2743 653 2781 laudat)
679 2743 856 2775 Democriti
880 2742 1074 2774 sententiam
1096 2741 1208 2773 affert:
1242 2743 1347 2779 „elma
1371 2741 1434 2778 τὴν
1457 2741 1517 2781 μὲν
1540 2739 1688 2778 σελήνην

73 2808 164 2839 κάτω
179 2834 185 2844 ,
208 2808 322 2839 ἔπειτα
348 2811 406 2840 τὸν
429 2807 528 2847 ἥλιον
541 2831 548 2843 ,
575 2809 644 2838 εἶτα
668 2808 745 2844 τοὺς
762 2807 927 2843 ἀπλανεῖς
945 2806 1089 2846 ἀστέρας
1107 2817 1114 2822 ·
1132 2806 1209 2842 τοὺς
1227 2804 1256 2835 δὲ
1275 2803 1457 2840 πλανήτας
1476 2802 1543 2834 οὐδ’
1563 2803 1688 2840 αὐτοὺς

73 2870 162 2911 ἔχειν
183 2871 258 2902 ἴσον
281 2869 398 2911 ὕψος.”
447 2869 501 2901 Sic
525 2869 625 2901 etiam
647 2868 830 2900 Lucretius.
877 2868 1010 2910 Reliqui
1031 2867 1096 2899 loci
1117 2877 1158 2898 ex
1180 2877 1218 2898 eo
1240 2865 1468 2906 explicantur:
1494 2865 1536 2896 D.
1559 2865 1598 2897 L.
1623 2865 1686 2896 IX.

76 2933 116 2963 33
142 2931 351 2973 (Leucippi),
375 2931 463 2962 Plut.
486 2931 569 2972 plac.
595 2931 653 2969 ΙΙ,
679 2933 738 2969 15,
762 2933 800 2970 3,
823 2934 882 2962 010.
905 2930 992 2971 apud
1014 2929 1185 2961 Zellerum.

120 2992 145 3035 ¹)
190 2993 277 3025 Plut.
302 2992 386 3034 plac.
411 2993 460 3025 ΙΙ.
486 3003 554 3034 cap.
581 2995 630 3024 16.
