1894 3235
567 640 1300 717 PROOEMIUM.

848 950 861 957 ι
866 948 935 957 wa,
940 948 956 957 x
968 948 1045 957 xmus:

192 1197 360 1238 Nullius
391 1196 629 1252 philosophi
662 1196 849 1237 doctrina
879 1196 1013 1250 magis
1045 1196 1205 1237 Romae
1237 1197 1375 1237 floruit
1407 1212 1531 1253 quam
1553 1197 1749 1253 Epicuri,

136 1275 254 1315 cuius
299 1275 491 1330 discipuli
541 1278 874 1329 sectatoresque,
925 1274 1082 1326 „multa
1120 1289 1214 1315 cum
1247 1275 1537 1330 scripsissent,
1583 1276 1750 1316 Italiam

136 1356 266 1393 totam
309 1353 647 1408 occupaverunt''
678 1354 729 1406 ¹),
776 1353 868 1407 ipsa
910 1366 1073 1408 quoque
1110 1352 1358 1404 „multitudo
1390 1352 1441 1393 ad
1473 1352 1648 1394 eandem
1680 1367 1750 1408 po-

135 1431 342 1471 tissimum
390 1445 432 1471 se
480 1431 658 1471 contulit
707 1431 1015 1486 disciplinam''.
1074 1430 1193 1470 Haec
1235 1430 1447 1471 Ciceronis
1479 1430 1590 1471 dicta
1620 1430 1751 1471 Volu-

134 1509 248 1549 mina
288 1508 625 1549 Herculanensia
654 1508 828 1549 huiusce
860 1508 1015 1549 saeculi
1045 1508 1163 1548 initio
1195 1508 1238 1548 in
1271 1507 1379 1548 diem
1411 1508 1575 1562 prodita
1606 1507 1751 1548 confir-

134 1590 278 1638 mant,
317 1600 410 1626 cum
443 1601 577 1641 pauca
607 1587 680 1627 illa
709 1586 970 1640 fragmenta,
1013 1599 1118 1641 quae
1152 1600 1205 1626 ex
1237 1586 1326 1640 ipsa
1357 1586 1607 1641 antiquitate
1640 1590 1751 1626 aeta-

135 1669 221 1704 tem
268 1664 478 1717 tulerunt,
525 1678 609 1704 non
641 1664 774 1704 solum
805 1678 958 1718 magna
990 1678 1043 1704 ex
1076 1668 1194 1718 parte
1227 1678 1248 1703 0
1281 1663 1578 1718 discipulorum
1610 1663 1749 1717 libris,

135 1755 282 1782 verum
320 1741 446 1782 etiam
480 1755 534 1782 ex
568 1741 697 1796 ipsius
729 1741 901 1796 Epicuri
933 1746 1124 1782 constent
1156 1742 1331 1796 scriptis.
1393 1741 1512 1781 Idem
1544 1745 1752 1782 testantur

133 1817 438 1874 Epicureorum
471 1819 682 1860 Ciceronis
704 1819 941 1874 aequalium
964 1819 1133 1859 nomina
1152 1851 1160 1871 ,
1194 1832 1369 1873 quorum
1391 1818 1606 1858 notissima
1628 1822 1748 1858 sunt:

136 1896 183 1937 T.
216 1896 416 1937 Albutius
433 1896 497 1950 2),
545 1896 590 1937 C.
624 1896 814 1937 Velleius
833 1896 888 1949 ²³),
932 1896 977 1937 C.
1011 1896 1154 1938 Catius
1172 1898 1232 1949 4)7
1280 1896 1324 1937 C.
1373 1896 1568 1948 Cassius,
1602 1895 1647 1936 C.
1675 1895 1750 1936 Vi-

135 1973 228 2014 bius
259 1974 399 2014 Pansa
416 1978 475 2027 ⁵),
509 1974 556 2014 L.
590 1974 717 2027 Piso,
751 1974 969 2027 Statilius,
1003 1975 1051 2015 L.
1084 1974 1267 2015 Manlius
1298 1973 1534 2028 Torquatus
1552 1976 1608 2027 ⁰);
1641 1972 1751 2013 inter

136 2050 391 2106 antiquiores
423 2055 564 2091 autem
596 2051 810 2091 Romanos
832 2051 1056 2106 scriptores
1078 2050 1239 2091 Ennius
1262 2054 1408 2104 poeta,
1443 2049 1520 2089 etsi
1542 2049 1585 2089 in
1607 2063 1750 2089 eorum

134 2142 357 2168 numerum
403 2143 487 2168 11011
529 2128 667 2181 cadit,
716 2133 857 2169 tamen
896 2143 990 2169 cum
1023 2133 1064 2169 et
1094 2128 1396 2183 interpretatus
1428 2131 1469 2167 et
1501 2131 1667 2167 secutus
1699 2127 1751 2167 sit

135 2210 303 2260 praeter
334 2209 494 2246 ceteros
526 2205 813 2247 Euhemerum
834 2208 862 2260 7)
896 2220 1028 2262 eoque
1060 2206 1176 2260 vulgi
1207 2205 1400 2259 religioni
1423 2218 1465 2245 se
1487 2204 1749 2260 opposuerit,

135 2283 185 2323 113
216 2283 327 2323 viam
359 2283 532 2336 stravit,
566 2297 692 2338 quare
726 2284 852 2324 etiam
883 2284 1008 2324 toties
1040 2284 1129 2323 eius
1151 2283 1277 2323 solius
1298 2283 1408 2322 inter
1429 2286 1573 2337 poetas
1596 2282 1749 2322 Roma-

132 2374 206 2401 nos
237 2374 380 2401 versus
412 2360 554 2403 laudat
586 2361 808 2402 Lucretius
839 2361 979 2401 addito
999 2361 1165 2401 nomine
1203 2360 1410 2412 771103101’”,
1442 2358 1606 2399 etiamsi
1629 2357 1749 2399 dictis

136 2437 226 2478 eius
256 2451 336 2478 non
370 2438 561 2479 omnibus
592 2438 717 2479 fidem
747 2438 875 2479 habet
892 2439 937 2492 8).
1004 2438 1170 2478 Primus
1201 2437 1435 2492 Epicureus
1466 2436 1641 2491 scriptor
1671 2435 1750 2476 fuit

179 2609 203 2651 ¹)
251 2609 318 2641 Cic.
343 2609 439 2640 Tusc.
464 2608 523 2641 IV.
549 2611 586 2648 3,
612 2610 640 2643 7.

177 2672 203 2713 ²)
253 2671 318 2703 Cic.
344 2672 435 2703 Brut.
461 2674 499 2703 35
514 2696 522 2711 ,
550 2674 606 2703 131
631 2673 814 2713 „perfectus
838 2672 1053 2713 Epicureus³’.

177 2735 201 2772 ³)
246 2735 285 2766 de
308 2734 384 2766 Nat.
411 2735 506 2767 Deor.
533 2735 561 2767 I.
587 2738 623 2775 6,
652 2738 688 2767 15
714 2739 788 2767 cett.

177 2797 202 2838 4)
249 2798 290 2829 ad
314 2798 405 2829 Fam.
429 2797 502 2830 XV.
531 2800 589 2837 16,
617 2800 666 2829 19.
713 2799 828 2830 Horat.
855 2799 921 2831 Sat.
947 2798 995 2830 11.
1021 2801 1050 2829 4.
1098 2797 1210 2834 Quint.
1237 2798 1318 2829 Inst.
1345 2798 1424 2829 Orat
1459 2796 1499 2828 X.
1526 2798 1540 2827 1
1558 2820 1567 2835 ‚
1593 2798 1663 2828 123.

178 2860 203 2902 ⁵)
251 2861 291 2892 ad
314 2861 405 2892 Fam.
430 2861 511 2893 VII.
539 2863 586 2891 12.

177 2923 205 2962 ⁶)
250 2923 359 2955 Madv.
385 2925 424 2955 de
448 2923 554 2955 Finib.
578 2934 652 2964 pag.
677 2925 706 2954 5.

178 2985 204 3027 ⁷)
251 2986 290 3017 de
312 2986 390 3018 Nat.
415 2987 501 3018 deor.
526 2985 555 3017 Ι.
580 2988 617 3017 41
634 3010 642 3024 ,
669 2987 740 3017 119.

177 3049 205 3088 θ)
250 3049 346 3080 Lucr.
371 3049 399 3081 Ι.
427 3051 496 3080 120.
