1921 3235
963 136 1042 175 170

167 262 292 305 Hane
323 264 374 305 ob
408 278 575 306 eausam
605 269 783 306 mortem
813 268 1013 308 metuas?
1072 267 1250 324 Cogita,
1296 283 1472 325 quaeso,
1514 270 1591 311 tibi
1620 275 1784 312 mortuo

167 340 324 382 nullius
354 342 415 382 rei
447 341 702 383 desiderium
733 342 934 384 futurum.
964 343 1193 386 Praeterea
1223 346 1311 387 vita
1341 346 1435 402 plus
1467 348 1652 388 eontinet
1674 347 1784 390 dolo-

167 418 224 459 ris
269 433 394 474 quam
439 420 681 474 voluptatis.
746 420 837 473 „Tu
883 421 1052 476 quidem
1098 426 1144 463 ut
1187 436 1231 464 es
1261 423 1346 464 leto
1379 424 1566 479 sopituS,
1613 425 1672 466 sie
1703 425 1785 466 eris

168 496 261 537 aevi
307 496 417 552 quod
458 511 583 552 super
624 501 687 538 est
732 498 892 539 eunetis
937 499 1118 554 privatu’
1162 499 1385 550 doloribus
1423 502 1588 556 aegris:
1637 507 1679 544 at
1710 517 1785 544 nos

166 572 360 615 horrifico
401 574 651 616 cinefactum
682 580 724 616 te
755 589 884 631 prope
915 575 1037 617 busto
1067 577 1364 620 insatiabiliter
1396 579 1671 633 deflevimus,
1717 566 1785 622 ae-

167 654 416 707 ternumque
447 652 564 693 nulla
595 652 682 694 dies
714 653 834 694 nobis
864 667 1072 695 merorem
1104 668 1126 695 e
1158 660 1328 710 pectore
1361 656 1500 697 demet
1534 689 1541 697 .
1569 689 1576 696 .
1601 689 1610 697 .
1656 657 1786 712 igitur

166 728 516 783 quaerendumst,
564 730 662 786 quid
709 731 762 772 sit
808 732 939 772 amari
985 736 1101 773 tanto
1148 747 1304 788 opere,
1351 734 1402 775 ad
1434 749 1623 775 somnum
1655 735 1688 775 si
1720 749 1785 776 res

166 804 276 845 redit
297 810 423 861 atque
445 806 653 861 quietem,
678 822 751 848 our
768 808 986 864 quisquam
1003 813 1174 850 aeterno
1194 809 1324 864 possit
1345 810 1557 851 tabescere
1579 811 1723 851 luctu”
1746 811 1784 864 ²).

163 881 278 922 Num
294 887 435 924 tamen
452 887 541 925 tota
559 898 613 925 ex
633 883 806 940 Epicuri
818 889 960 925 mente
979 885 1032 926 sit
1048 885 1151 928 haee
1169 887 1397 928 consolatio
1417 887 1678 941 dubitamus3
1702 901 1785 928 non

164 959 276 1000 enim
321 961 518 1002 convenit
557 975 652 1002 eum
684 962 853 1004 laudata
883 963 1012 1004 animi
1058 963 1285 1020 ἀταραξίᾳ,
1320 965 1354 1005 si
1386 970 1564 1006 mortem
1597 965 1785 1020 requiem

163 1036 294 1079 habes
324 1038 437 1080 vitae
468 1039 686 1081 malorum.
747 1041 913 1082 Pariter
943 1041 1157 1097 vituperat
1188 1041 1395 1097 Epicurus
1427 1043 1495 1099 qui
1529 1048 1706 1084 mortem
1737 1047 1785 1084 ut

164 1116 368 1157 malorum
414 1118 646 1159 maximum
685 1118 874 1174 fugiunt,
908 1124 1033 1176 atque
1066 1134 1162 1173 eos,
1195 1121 1265 1176 qui
1298 1135 1390 1162 eam
1422 1128 1467 1162 ut
1498 1122 1686 1177 requiem
1717 1134 1784 1161 eo-

162 1207 277 1248 rum,
310 1209 417 1250 quae
448 1196 492 1236 in
523 1196 611 1237 vita
632 1201 750 1250 sunt,
784 1197 967 1238 tristium
989 1198 1190 1253 eupiunt:
1231 1201 1268 1241 οἱ
1300 1199 1456 1241 πολλοὶ
1491 1200 1564 1240 τὸν
1597 1201 1784 1241 ,θάνατον

165 1274 231 1314 ὁτὲ
277 1277 351 1326 μὲν
393 1275 450 1323 ὡς
490 1277 685 1331 μέγιστον
715 1278 800 1318 τῶν
832 1279 966 1318 κακῶν
999 1279 1253 1332 φεύγουσιν,
1297 1280 1362 1319 ὁτὲ
1396 1275 1428 1319 δ’
1461 1278 1517 1325 ὡς
1551 1278 1784 1320 ἀνάπαυσιν

164 1352 248 1391 τῶν
294 1352 337 1392 ἐν
378 1354 436 1407 τῷ
478 1351 555 1400 ζῆν
597 1355 732 1394 κακῶν
778 1355 1001 1396 ποθοῦσιν.
1063 1353 1241 1409 Sapiens
1288 1354 1379 1397 οὔτε
1427 1353 1617 1410 φοβεῖται
1652 1355 1699 1396 τὸ
1729 1356 1784 1407 μὴ

164 1425 241 1475 ζῆν
280 1440 287 1448 ·
337 1427 429 1470 οὔτε
482 1429 565 1484 γὰρ
613 1429 724 1486 αὐτῷ
754 1433 1027 1485 προσίσταται
1057 1431 1105 1473 τὸ
1137 1431 1214 1480 ζῆν
1236 1445 1244 1453 “
1291 1430 1383 1473 οὔτε
1415 1430 1628 1480 δοξάζεται
1659 1432 1784 1474 κακὸν

163 1504 264 1547 εἶναι
295 1506 343 1548 τὸ
374 1507 429 1559 μὴ
462 1506 539 1556 ζῆν
558 1504 605 1560 ²).

221 1582 303 1631 Qui
354 1583 484 1624 edunt
534 1588 576 1625 et
626 1584 775 1626 bibunt
822 1589 864 1626 et
909 1585 1094 1640 gaudent
1141 1586 1328 1628 dieentes
1388 1586 1551 1639 „brevis
1597 1585 1665 1628 hie
1721 1589 1784 1627 est

163 1658 322 1701 fruetus
352 1659 577 1715 homullis,
623 1661 708 1703 iam
738 1662 891 1716 fuerit,
938 1676 1074 1719 neque
1106 1667 1199 1719 post
1230 1677 1429 1719 umquam
1458 1677 1654 1705 revocare
1687 1663 1783 1705 liee-

164 1737 267 1791 bit'',
301 1738 427 1779 etiam
460 1740 645 1794 cogitare
676 1739 874 1781 videntur
904 1740 991 1782 fore
1023 1745 1069 1781 ut
1100 1741 1179 1782 sibi
1209 1741 1384 1782 mortuis
1415 1741 1499 1782 iam
1531 1741 1783 1783 desiderium

164 1814 342 1856 alieuius
386 1816 448 1857 rei
494 1817 605 1858 insit.
667 1817 854 1859 Stultos!
919 1818 1033 1871 „Nee
1075 1818 1154 1859 sibi
1201 1819 1312 1859 enim
1355 1819 1574 1875 quisquam
1618 1823 1707 1860 tum
1738 1832 1782 1860 se

164 1892 378 1949 vitamque
423 1894 626 1950 requirit,
674 1909 768 1936 eum
815 1896 973 1951 pariter
1017 1910 1136 1937 mens
1182 1901 1224 1937 et
1272 1910 1421 1952 eorpus
1466 1897 1602 1952 sopita
1646 1896 1782 1952 quies-

163 1972 289 2011 eunt’⁷
315 1972 362 2025 ³).
423 1972 526 2013 Vita
571 1977 635 2014 est
672 1974 791 2030 quasi
823 1975 1089 2015 convivium:
1137 1975 1312 2030 quisque
1344 1975 1522 2016 conviva
1551 1979 1697 2017 caveat
1727 1989 1781 2017 ne

162 2053 330 2105 tempus
376 2051 559 2092 abeundi
591 2053 734 2093 veniat
764 2058 989 2109 antequam
1021 2058 1136 2094 satur
1168 2054 1248 2094 sit:
1297 2067 1394 2095 nam
1425 2058 1590 2109 tempus
1621 2058 1780 2095 eertum

162 2128 312 2184 euique
346 2128 488 2170 datum
520 2134 610 2183 est,
643 2144 738 2171 eum
769 2131 841 2171 alii
874 2145 1039 2187 quoque
1071 2131 1218 2172 eodem
1251 2130 1432 2172 debeant
1463 2132 1654 2172 convivio
1675 2131 1778 2186 frui,

165 2206 360 2262 „vitaque
391 2208 599 2263 mancipio
631 2209 734 2249 nulli
767 2208 916 2263 detur,
950 2209 1142 2250 omnibus
1172 2209 1291 2250 usu’'.
1351 2209 1417 2250 Ne
1449 2214 1589 2264 speret
1619 2209 1706 2251 fore
1733 2214 1780 2251 ut

162 2284 276 2325 aliud
308 2285 547 2326 convivium
578 2286 672 2342 plus
704 2287 932 2342 voluptatis
963 2287 1041 2328 sibi
1075 2287 1166 2341 det,
1199 2301 1294 2329 nam
1330 2287 1502 2340 „eadem
1525 2292 1621 2328 sunt
1641 2288 1780 2329 omnia

161 2364 367 2418 semper”.
430 2363 511 2412 Qui
558 2368 673 2405 satur
714 2369 777 2405 est
821 2379 954 2421 aequo
997 2365 1136 2406 animo
1175 2365 1314 2420 capiat
1345 2379 1533 2406 securam
1565 2366 1777 2421 quietem,

161 2443 204 2481 et
248 2440 319 2496 qui
366 2441 552 2482 nondum
592 2446 706 2483 satur
736 2446 800 2483 est
831 2446 1004 2498 questus
1034 2442 1227 2495 omittat,
1275 2456 1370 2483 eum
1401 2443 1527 2498 eulpa
1557 2457 1632 2485 sua
1662 2443 1777 2485 abire

162 2517 314 2559 debeat
359 2523 583 2575 antequam
624 2519 712 2560 vita
741 2519 900 2561 fruetus
931 2520 1011 2573 sit,
1058 2520 1157 2575 quia
1188 2533 1352 2576 semper
1382 2521 1535 2562 avebat
1565 2520 1677 2577 quod
1706 2521 1777 2563 ab·

161 2600 278 2649 erat,
310 2597 548 2652 praesentia
578 2597 874 2638 contemnebat
894 2598 941 2650 4).

205 2819 212 2838 l

219 2819 229 2860 )
277 2818 336 2851 III
352 2843 361 2858 ‚
386 2821 447 2850 894
471 2829 561 2862 seqq.

203 2881 228 2922 ²)
276 2881 317 2913 D.
342 2882 380 2914 L.
406 2881 438 2913 X
455 2905 463 2921 ‚
490 2883 560 2914 125.

203 2945 227 2982 ³)
273 2944 355 2984 ΙΙΙ,
379 2946 440 2976 912
465 2955 552 2987 seqq.

221 3009 229 3044 )
274 3006 351 3045 ΙΙΙ,
377 3008 436 3038 931
462 3017 549 3048 seqq.

204 3006 215 3025 4
