1921 3235
949 129 1030 170 183

178 267 242 305 est
286 263 338 305 ad
379 262 777 316 demonstrandum,
825 267 967 304 tamen
1012 262 1136 317 plane
1182 261 1329 316 negari
1373 274 1458 302 non
1497 264 1648 316 potest.
1710 259 1794 301 Sed

176 355 311 397 pauca
340 344 517 381 tantum.
556 340 639 388 Qui·
670 340 782 380 enim
812 340 894 381 loci
925 339 977 380 ad
1007 339 1114 380 hano
1145 339 1391 392 formalem,
1422 342 1469 379 ut
1489 338 1568 380 hoc
1589 338 1793 380 vocabulo

176 423 300 472 utar,
333 417 650 459 similitudinem
680 417 945 458 indicandam
977 433 1002 459 a
1030 418 1175 458 multis
1205 417 1459 470 laudantur,
1500 416 1690 471 plerique
1721 419 1794 457 aut

177 509 274 536 casu
306 494 485 550 quodam
516 507 637 549 pares
667 494 887 547 videntur,
930 499 1002 534 aut
1033 494 1261 534 similitudo
1293 494 1417 548 longe
1449 497 1512 533 est
1542 492 1723 548 repetita
1753 496 1795 533 et

177 571 311 613 acutis
326 576 490 612 tantum
505 571 634 611 oculis
651 571 885 626 perspicua.
919 570 1025 612 Cum
1044 576 1185 612 autem
1202 570 1470 626 Empedoclis
1482 583 1649 611 carmen
1661 569 1794 609 multa

177 649 402 701 contineat,
425 662 531 703 quae
553 652 734 703 poetam,
755 653 802 688 ut
824 662 873 689 ea
892 649 1140 702 imitaretur,
1164 649 1378 689 stimulare
1399 647 1619 701 debebant,
1639 648 1683 687 in
1705 647 1794 703 qui-

175 725 254 766 bus
289 725 512 766 Lucretius
547 725 877 779 Agrigentinum
906 739 990 766 non
1012 726 1246 767 aemulatus
1269 731 1331 767 est
1350 758 1359 778 ,
1394 725 1610 780 probabile
1632 730 1695 765 est
1716 738 1794 778 ea,

178 816 284 858 quae
317 802 500 857 aliquam
524 802 708 857 speciem
732 802 1018 844 similitudinis
1040 802 1223 844 habeant
1244 817 1327 843 non
1347 808 1434 843 tam
1455 817 1509 843 ex
1530 803 1621 858 ipso
1642 802 1795 857 Empe-

178 879 295 920 docle
323 884 460 920 sumta
482 893 595 933 esse,
619 894 743 932 quam
766 894 821 920 ex
842 880 1025 935 Epicuro
1043 913 1053 933 ,
1091 881 1165 936 qui
1184 913 1192 933 ,
1225 880 1356 921 Sexto
1374 884 1505 933 teste,
1538 884 1720 936 φωρᾶται
1744 880 1794 921 τὰ

178 958 370 1011 κράτιστα
412 960 496 998 τῶν
538 955 758 1012 δογμάτων
788 959 898 1011 παρὰ
932 961 1113 1006 ποιητῶν
1136 957 1384 1012 ἇνηρπακώς
1412 956 1450 1006 ι).
1496 956 1547 996 In
1568 969 1613 996 re
1636 956 1796 996 incerta

178 1033 518 1089 probabilitatem
549 1033 668 1089 sequi
699 1034 907 1074 convenit.

234 1110 304 1151 Ad
334 1110 441 1151 hanc
473 1110 783 1151 conclusionem
813 1110 941 1164 igitur
971 1110 1242 1164 investigatio
1276 1115 1416 1151 nostra
1446 1124 1521 1150 nos
1543 1110 1692 1163 duxit,
1723 1113 1794 1162 ut,

178 1192 384 1243 quatenus
430 1187 687 1228 evidentiam
733 1188 777 1228 in
807 1187 1048 1228 huiusmodi
1079 1187 1392 1243 quaestionibus
1424 1187 1621 1243 consequi
1651 1201 1794 1242 possu-

176 1279 292 1318 mus,
344 1269 529 1318 constet,
587 1265 833 1306 Lucretium
883 1265 1176 1320 philosopham
1227 1265 1457 1306 doctrinam
1508 1267 1792 1319 exponentem

177 1342 408 1398 Epicurum
441 1344 575 1384 solum
607 1347 798 1384 secutum
828 1357 941 1396 esse,
976 1343 1133 1398 optima
1164 1357 1259 1383 cum
1289 1342 1371 1383 fide
1405 1343 1482 1383 etsi
1513 1357 1597 1383 non
1628 1356 1792 1397 semper

177 1425 384 1462 accurate.
416 1421 526 1462 Nam
557 1421 635 1462 hoc
667 1435 831 1476 quoque
863 1421 1080 1476 apparuit,
1113 1425 1309 1476 poetam,
1342 1421 1532 1475 quamvis
1563 1434 1647 1460 non
1678 1433 1792 1474 pror-

177 1512 246 1538 sus
285 1497 527 1553 philosophi
558 1499 729 1553 ingenio
761 1498 1037 1552 destitutum,
1081 1503 1221 1539 tamen
1251 1498 1325 1538 Vix
1355 1497 1593 1553 philosophi
1622 1497 1792 1538 nomine

178 1575 351 1630 dignum
370 1589 472 1616 esse.
505 1577 700 1630 Magistri
717 1577 873 1631 placita
888 1576 1099 1617 interdum
1116 1590 1199 1616 non
1216 1576 1429 1616 intellexit
1447 1589 1578 1630 eoque
1596 1588 1792 1630 perverse

175 1653 476 1708 interpretatus
502 1661 564 1694 est
597 1654 663 1704 (cf.
696 1667 792 1709 pag.
828 1655 954 1707 129);
988 1653 1200 1694 interdum
1222 1653 1348 1693 etiam
1361 1656 1574 1693 certamen
1585 1652 1663 1692 fuit
1683 1652 1792 1692 inter

175 1729 414 1785 philosophi
446 1735 488 1771 et
509 1738 657 1786 poetae
674 1731 916 1785 ingenium,
939 1731 1050 1786 quod
1065 1736 1205 1787 tame-n
1222 1730 1332 1771 hunc
1352 1743 1515 1785 semper
1538 1729 1700 1770 exitum
1719 1728 1792 1769 ha-

174 1807 279 1861 buit,
300 1812 347 1848 ut
363 1813 488 1863 poeta
504 1809 738 1864 praemium
755 1809 937 1850 auferret
956 1808 1019 1861 (cf.
1042 1823 1082 1863 p.
1100 1810 1209 1857 121).
1232 1808 1291 1848 At
1308 1808 1397 1863 ipse
1414 1812 1537 1862 poeta
1554 1806 1792 1862 philosophi

175 1884 377 1926 honorem
419 1895 461 1926 et
492 1886 668 1940 gloriam
700 1886 778 1927 sibi
808 1900 892 1926 non
922 1886 1135 1938 vindicat,
1182 1885 1254 1926 sed
1285 1885 1523 1937 vinculum,
1555 1883 1666 1939 quod
1697 1897 1792 1924 cum

175 1961 359 2017 Epicuro
405 1977 502 2003 eum
546 1963 684 2018 iungit
728 1964 873 2019 pulcre
919 1964 1009 2019 ipse
1051 1963 1176 2004 canit.
1239 1963 1324 2015 „Te
1357 1976 1533 2018 sequor,
1583 1975 1605 2002 0
1638 1961 1791 2002 Graiae

176 2041 314 2095 gentis
360 2040 508 2094 decus,
556 2042 682 2097 inque
718 2041 802 2081 tuis
832 2055 942 2082 nunc
974 2041 1072 2081 ficta
1102 2040 1258 2096 pedum
1288 2054 1397 2095 pono
1427 2039 1582 2095 pressis
1612 2038 1792 2092 vestigia

175 2118 334 2172 signis,
378 2132 463 2159 non
507 2119 567 2159 ita
612 2118 800 2159 certandi
831 2118 1007 2173 cupidus
1038 2131 1163 2173 quam
1192 2121 1364 2172 propter
1394 2130 1579 2157 amorem
1610 2115 1720 2171 quod
1749 2119 1791 2156 te

174 2195 329 2236 imitari
361 2209 494 2236 aveo:
528 2195 628 2251 quid
659 2195 772 2236 enim
804 2195 1029 2236 contendat
1059 2194 1238 2235 hirundo
1270 2194 1438 2249 cycnis,
1471 2197 1543 2234 aut
1574 2193 1674 2249 quid
1693 2206 1791 2233 nam

175 2273 365 2313 tremulis
401 2273 538 2314 facere
569 2272 744 2314 artubus
774 2272 899 2314 haedi
933 2272 1149 2313 consimile
1180 2272 1224 2312 in
1256 2286 1380 2313 cursu
1409 2271 1570 2326 possint
1602 2275 1644 2311 et
1673 2270 1792 2311 fortis

177 2350 274 2405 equi
317 2350 412 2390 vis?
473 2350 565 2404 Tu,
606 2355 749 2405 pater,
792 2364 836 2391 es
866 2364 1007 2391 rerum
1036 2350 1260 2402 inventor,
1301 2354 1348 2389 tu
1378 2349 1515 2404 patria
1544 2348 1664 2389 nobis
1696 2362 1791 2403 sup-

175 2425 339 2482 peditas
368 2431 621 2481 praecepta,
654 2427 821 2482 tuisque
853 2440 936 2479 ex,
968 2426 1150 2479 inclute,
1183 2425 1368 2478 chartis,
1399 2416 1592 2465 floriferis
1621 2428 1669 2465 ut
1691 2438 1791 2479 apes

175 2503 221 2543 in
251 2503 424 2544 saltibus
455 2504 595 2545 omnia
612 2503 746 2545 libant
763 2536 773 2551 ,
802 2504 940 2544 omnia
962 2517 1037 2544 nos
1058 2502 1206 2543 itidem
1229 2502 1493 2557 depascimur
1513 2515 1640 2543 aurea
1657 2501 1790 2554 dicta,

176 2594 326 2631 aurea,
348 2586 553 2636 perpetua
585 2595 750 2637 semper
780 2581 1025 2636 dignissima
1044 2581 1158 2622 vita”
1176 2581 1219 2634 2).
1250 2580 1534 2636 Antiquomm
1550 2579 1792 2621 testimonia

176 2658 289 2699 idem
310 2659 570 2699 confirmant.
611 2658 899 2700 Laudavimus
929 2659 1014 2700 iam
1044 2658 1315 2699 Lactantium
1346 2658 1558 2699 dicentem
1592 2657 1790 2713 „Epicuri

178 2736 291 2777 enim
314 2740 411 2776 sunt
444 2736 585 2777 omnia
610 2750 717 2792 quae
742 2736 892 2778 delirat
913 2735 1178 2778 Lucretius.”
1210 2736 1275 2777 De
1291 2735 1490 2777 Lucretio
1505 2749 1628 2791 porro
1645 2735 1791 2776 confir-

219 2927 244 2969 ¹)
293 2927 382 2958 Sext.
405 2927 500 2968 Emp.
523 2928 596 2959 adv.
622 2927 764 2959 Gramm.
789 2928 831 2967 I,
857 2930 914 2967 13,
939 2929 1011 2962 275.

217 2989 245 3031 2)
292 2990 373 3029 ΙΙΙ,
397 3000 444 3021 vs.
470 2992 585 3021 3-13.
609 2989 650 3022 cf.
671 2989 726 3031 V,
747 2992 798 3022 55.
