1894 3235
940 126 994 167 52

154 257 421 311 invenimus,
469 257 580 314 quod
625 257 707 299 huc
752 258 1018 301 referendum
1051 260 1116 301 sit.
1177 260 1381 302 Attamen
1421 275 1505 303 non
1537 261 1777 305 dubitamus

154 336 255 392 quin
295 340 420 392 poeta
449 335 516 377 hic
548 350 712 392 quoque
745 337 1034 379 tantummodo
1066 339 1368 394 interpretetur
1399 338 1608 381 Graecum
1641 340 1775 396 philo-

153 414 344 470 sophum.
420 415 688 456 Democritus
749 414 983 457 affirmabat
1033 430 1176 457 omnes
1226 431 1293 458 res
1342 417 1496 458 mentis
1546 418 1774 473 participes

152 505 242 533 esse
270 491 295 546 ¹)
344 493 439 545 vel,
483 497 530 533 ut
575 493 842 546 Augustinus
886 493 1040 546 refert,
1074 494 1209 535 inesse
1242 495 1503 536 concursioni
1541 500 1774 541 atomorum

151 572 237 612 vim
288 571 510 627 quamdam
562 571 787 612 animalem
836 576 878 612 et
925 572 1156 628 spiritalem
1178 573 1220 625 2).
1295 573 1405 615 Cumv
1448 574 1559 615 enim
1589 578 1775 616 mentem

153 649 264 690 idem
297 664 386 691 esse
419 653 544 705 atque
576 649 758 690 animam
792 649 926 703 dicat,
961 656 1000 691 et
1037 651 1220 691 animam
1252 651 1363 692 idem
1385 656 1511 707 atque
1534 651 1711 702 calidam
1732 655 1776 693 et

151 727 370 768 ardentem
402 727 645 779 materiem,
677 727 720 767 in
753 727 946 768 omnibus
977 727 1102 768 rebus
1134 732 1195 769 tot
1226 733 1368 784 partes
1400 730 1554 770 mentis
1583 734 1625 771 et
1646 730 1776 771 animi

150 805 287 846 inesse
335 809 486 860 putare
519 803 671 857 debet,
719 809 820 859 quot
850 805 964 845 vitae
997 810 1038 846 et
1070 805 1216 846 caloris
1247 806 1402 847 insunt.
1463 806 1576 848 Huic
1608 812 1775 861 autem,

150 881 378 922 secundum
425 881 744 936 Augustinum,
791 881 999 937 Epicurus
1029 896 1214 937 pugnam
1245 888 1410 937 movet,
1449 885 1519 940 qui
1550 883 1656 924 nihil
1689 898 1774 925 om-

148 960 247 1000 nino
293 960 337 1000 in
383 959 600 1015 principiis
647 973 787 1000 rerum
833 960 952 1015 ponit
988 967 1155 1015 praeter
1192 965 1366 1002 atomos.
1429 961 1540 1002 Eum
1572 961 1775 1003 adversus

148 1037 259 1079 hunc
302 1042 344 1079 et
385 1038 488 1079 alios
519 1037 631 1100 idem
665 1039 893 1079 sentientes
924 1037 1193 1094 philosophos
1225 1038 1302 1080 hoc
1333 1038 1446 1080 idem
1479 1043 1774 1094 argumentum

147 1115 392 1171 protulisse,
436 1115 546 1171 quod
587 1115 709 1156 affert
751 1115 997 1169 Lucretius,
1030 1116 1232 1157 nonnulla
1263 1116 1462 1157 animalia
1494 1129 1548 1157 ex
1579 1116 1682 1172 ipsis
1712 1129 1776 1158 re-

146 1193 224 1235 bus
270 1194 489 1246 inanimis,
537 1194 652 1234 velut
699 1207 863 1234 vermes
910 1208 964 1234 ex
996 1194 1147 1235 tellure
1179 1193 1356 1234 humida
1387 1194 1454 1235 vel
1489 1199 1672 1236 stercore
1703 1208 1777 1250 pu-

147 1271 255 1312 trido
297 1272 437 1327 gigni,
484 1271 561 1312 hoc
608 1271 728 1312 nobis
774 1271 1029 1326 persuadet,
1077 1272 1187 1327 quod
1233 1272 1508 1325 Aristoteles,
1553 1286 1676 1328 quem
1723 1272 1775 1313 ab

148 1349 332 1405 Epicuro
363 1350 518 1390 lectum
551 1363 641 1390 esse
673 1349 841 1390 aliunde
873 1354 1059 1403 constat,
1092 1350 1204 1391 idem
1235 1350 1376 1391 refert.
1438 1350 1488 1391 In
1509 1350 1646 1406 primo
1669 1349 1775 1392 libro

148 1427 199 1468 de
232 1441 326 1482 gen.
360 1427 527 1468 animal.
562 1442 600 1482 p.
637 1429 746 1480 715,
793 1427 843 1476 b,
890 1429 942 1480 4,
988 1427 1174 1483 loquitur
1206 1427 1256 1468 de
1289 1428 1566 1481 animalibus,
1612 1431 1690 1470 ὅσα
1719 1430 1775 1482 μὴ

148 1507 188 1548 ἐκ
233 1505 354 1562 ζῴων
395 1505 492 1548 ἀλλ’
525 1508 564 1547 ἐκ
597 1508 831 1558 σηπομένης
863 1512 935 1556 τῆς
966 1505 1071 1556 ὕλης
1103 1510 1332 1547 nascuntur
1363 1510 1405 1547 et
1437 1506 1480 1546 in
1512 1506 1618 1547 libro
1649 1506 1775 1547 tertio

147 1597 187 1638 p.
236 1585 344 1636 761,
395 1597 446 1636 a,
497 1588 702 1624 memorat
749 1583 972 1635 animalia,
1026 1596 1132 1638 quae
1175 1584 1249 1624 οὐκ
1296 1583 1379 1625 ἀπὸ
1428 1586 1663 1639 σπέρματος
1701 1582 1775 1624 sed

147 1662 354 1713 αὐτόματα
405 1661 607 1702 oriuntur.
668 1661 718 1701 In
769 1661 874 1701 libro
924 1660 1058 1715 primo
1105 1660 1156 1701 de
1204 1661 1329 1701 anim.
1378 1675 1417 1716 p.
1466 1662 1577 1712 409,
1610 1660 1659 1713 b,
1705 1661 1773 1701 23.

146 1739 398 1780 Aristoteles
445 1739 545 1780 dicit
586 1738 765 1781 λείπεται
813 1737 1167 1792 δ’ἐπισκέψασὲαι
1209 1742 1300 1787 πῶς
1346 1739 1507 1794 λέγεται
1541 1739 1588 1780 τὸ
1621 1740 1662 1780 ἐκ
1690 1741 1775 1781 τῶν

148 1820 369 1873 στοιχείων
387 1818 517 1866 αὐτὴν
539 1817 830 1873 (ψυχὴν)εἶναι.
876 1816 940 1857 De
959 1816 1009 1856 iis
1026 1820 1168 1857 autem
1199 1816 1325 1871 paulo
1357 1821 1451 1871 post
1483 1816 1564 1857 ait:
1596 1819 1777 1858 τίθενται

146 1898 228 1952 γὰρ
275 1896 496 1952 γνωρίζειν
541 1899 598 1951 τῷ
643 1898 771 1950 ὁμοίῳ
817 1896 864 1936 τὸ
907 1897 1078 1947 ὅμοιον,
1126 1896 1262 1950 ὥσπερ
1296 1894 1346 1936 ἂν
1379 1896 1408 1936 εἰ
1440 1896 1516 1943 τὴν
1547 1895 1691 1950 ψυχὴν
1722 1894 1771 1936 τὰ

144 1976 367 2029 πράγματα
399 1976 606 2026 τιθέντες,
640 1973 890 2029 quibuscum
923 1972 956 2012 si
989 1971 1272 2027 composueris
1302 1985 1363 2012 vs.
1399 1973 1505 2024 915,
1538 1972 1592 2012 23
1628 1969 1772 2022 „vitali

145 2056 192 2093 ut
237 2052 397 2108 possint
444 2051 708 2093 consentire
755 2050 941 2106 undique
988 2064 1112 2091 sensu
1160 2049 1351 2102 (atomi),
1398 2049 1455 2090 sic
1487 2048 1633 2090 itidem
1664 2061 1771 2104 quae

145 2131 349 2172 sentimus
400 2130 554 2171 sentire
588 2143 758 2170 necesse
792 2130 911 2182 est”,
953 2128 1271 2169 similitudinem
1303 2127 1447 2168 adesse
1489 2140 1644 2181 negare
1687 2140 1771 2168 non

144 2209 312 2264 poteris.
375 2207 450 2249 Vs.
498 2210 608 2261 919,
655 2209 710 2248 20
761 2211 828 2259 „at
873 2211 995 2247 coetu
1027 2206 1286 2261 concilioque
1319 2205 1378 2245 nil
1416 2205 1573 2246 facient
1603 2208 1772 2259 praeter

144 2287 315 2342 volgum
362 2287 611 2342 turbamque
657 2286 949 2327 animantum'’
995 2284 1082 2325 fere
1126 2284 1177 2325 ad
1208 2284 1384 2324 verbum
1417 2283 1645 2324 concinunt
1675 2296 1770 2323 cum

144 2379 183 2421 p.
217 2367 327 2418 410,
360 2380 408 2418 a,
445 2366 518 2405 18:
568 2365 591 2413 ἢ
629 2367 837 2419 φῆσουσιν
870 2365 1041 2405 ἑκάστου
1072 2365 1223 2418 γένους
1255 2362 1354 2404 εἶναι
1387 2367 1573 2418 στοιχεῖα
1605 2364 1667 2403 καὶ
1700 2359 1770 2416 ἆρ-

145 2444 228 2499 χὰς
269 2441 399 2492 ἰδίας,
447 2441 490 2490 ἐξ
535 2443 593 2484 ὧν
638 2443 713 2490 τὴν
761 2442 902 2497 ψυχὴν
950 2441 1219 2492 συνεστάναι;
1261 2438 1370 2481 ἔσται
1415 2438 1494 2494 ἄρα
1535 2438 1674 2480 ποσὸν
1705 2440 1769 2480 καὶ

144 2521 268 2564 ποιὸν
334 2523 396 2562 καὶ
449 2520 570 2562 οὐσία
604 2533 612 2541 ·
664 2518 780 2562 ἀλλ’
846 2516 1119 2561 ἀδύνατον
1185 2519 1234 2559 ἐκ
1295 2520 1398 2559 τῶν
1451 2521 1543 2559 τοῦ
1595 2519 1769 2558 ποσοῦ

145 2601 438 2654 στοιχείων
480 2598 678 2639 οὐσίαν
719 2597 851 2639 εἶναι
883 2599 966 2638 καὶ
998 2597 1063 2649 μὴ
1095 2596 1283 2637 ποσόν.
1344 2594 1569 2635 Lucretius
1599 2607 1660 2635 VS.
1686 2593 1768 2634 892

189 2809 212 2850 ¹)
261 2809 347 2840 Plut.
371 2809 453 2850 plac.
480 2808 538 2840 IV.
563 2819 632 2850 cap.
658 2812 695 2846 4,
721 2812 750 2840 4.
794 2807 830 2840 Ὀ
854 2808 884 2840 δὲ
909 2809 1116 2850 Δημόκριτος
1143 2810 1258 2841 πάντα
1280 2808 1428 2849 μετέχειν
1443 2807 1521 2849 φησὶ
1536 2805 1650 2846 ψυχῆς
1667 2805 1768 2841 ποιᾶς

143 2873 198 2903 καὶ
222 2873 262 2903 τὰ
284 2874 385 2913 νεκρὰ
410 2875 477 2903 τῶν
501 2873 679 2911 σωμάτων,
704 2870 786 2904 διότι
811 2873 860 2903 ἀεὶ
885 2871 1052 2914 διαφανῶς
1077 2885 1167 2909 τινος
1190 2873 1312 2913 θερμοῦ
1330 2873 1384 2903 καὶ
1399 2869 1598 2908 αἰσθητικοῦ
1616 2866 1767 2909 μετέχέι,

144 2936 203 2966 τοῦ
227 2935 384 2972 πλείονος
408 2934 660 2976 διαπνεομένου.

185 2996 209 3035 2)
255 2999 393 3038 August.
418 2997 522 3038 Epist.
547 2997 635 3028 LVI.
658 3007 732 3038 pag.
758 2999 829 3030 273.
