<?xml version="1.0" encoding="UTF-8"?>
<!DOCTYPE html PUBLIC "-//W3C//DTD XHTML 1.0 Transitional//EN"
    "http://www.w3.org/TR/xhtml1/DTD/xhtml1-transitional.dtd">
<html xmlns="http://www.w3.org/1999/xhtml" xml:lang="en" lang="en">
 <head>
  <title>
</title>
<meta http-equiv="Content-Type" content="text/html;charset=utf-8" />
  <meta name='ocr-system' content='tesseract 3.04.00' />
  <meta name='ocr-capabilities' content='ocr_page ocr_carea ocr_par ocr_line ocrx_word'/>
</head>
<body>
  <div class='ocr_page' id='page_1' title='image "./lucretiiphilosop00woltuoft_0185.png"; bbox 0 0 1921 3235; ppageno 0'>
   <div class='ocr_carea' id='block_1_1' title="bbox 904 153 977 192">
    <p class='ocr_par' dir='ltr' id='par_1_1' title="bbox 904 153 977 192">
     <span class='ocr_line' id='line_1_1' title="bbox 904 153 977 192; baseline 0 0"><span class='ocrx_word' id='word_1_1' title='bbox 904 153 977 192; x_wconf 82' lang='lat'>171</span> 
     </span>
    </p>
   </div>
   <div class='ocr_carea' id='block_1_2' title="bbox 134 279 1750 2271">
    <p class='ocr_par' dir='ltr' id='par_1_2' title="bbox 134 279 1748 1034">
     <span class='ocr_line' id='line_1_2' title="bbox 200 279 1746 340; baseline -0.002 -15"><span class='ocrx_word' id='word_1_2' title='bbox 200 284 318 325; x_wconf 88' lang='lat' dir='ltr'>Idem</span> <span class='ocrx_word' id='word_1_3' title='bbox 363 284 595 340; x_wconf 84' lang='lat' dir='ltr'>Epicurus:</span> <span class='ocrx_word' id='word_1_4' title='bbox 643 285 778 339; x_wconf 81' lang='grc' dir='ltr'>ὥσπερ</span> <span class='ocrx_word' id='word_1_5' title='bbox 827 287 866 327; x_wconf 81' lang='grc' dir='ltr'>ἐκ·</span> <span class='ocrx_word' id='word_1_6' title='bbox 898 288 1128 337; x_wconf 84' lang='grc' dir='ltr'>συμποσίου</span> <span class='ocrx_word' id='word_1_7' title='bbox 1159 283 1471 337; x_wconf 77' lang='grc' dir='ltr'>ἀπαλλάττομαι</span> <span class='ocrx_word' id='word_1_8' title='bbox 1502 280 1622 324; x_wconf 75' lang='grc' dir='ltr'>οὐδὲν</span> <span class='ocrx_word' id='word_1_9' title='bbox 1655 279 1746 323; x_wconf 71' lang='lat'><strong>8110·-</strong></span> 
     </span>
     <span class='ocr_line' id='line_1_3' title="bbox 144 357 1746 417; baseline -0.004 -14"><span class='ocrx_word' id='word_1_10' title='bbox 144 365 375 417; x_wconf 71' lang='grc' dir='ltr'>χεραῖνων,</span> <span class='ocrx_word' id='word_1_11' title='bbox 416 362 522 404; x_wconf 73' lang='grc' dir='ltr'>οὕτω</span> <span class='ocrx_word' id='word_1_12' title='bbox 565 365 627 403; x_wconf 82' lang='grc' dir='ltr'>καὶ</span> <span class='ocrx_word' id='word_1_13' title='bbox 668 363 708 403; x_wconf 75' lang='grc' dir='ltr'>ἐκ</span> <span class='ocrx_word' id='word_1_14' title='bbox 743 367 817 402; x_wconf 85' lang='grc' dir='ltr'>τοῦ</span> <span class='ocrx_word' id='word_1_15' title='bbox 860 361 990 417; x_wconf 75' lang='grc' dir='ltr'>βίον,</span> <span class='ocrx_word' id='word_1_16' title='bbox 1023 365 1122 404; x_wconf 82' lang='grc' dir='ltr'>ὅταν</span> <span class='ocrx_word' id='word_1_17' title='bbox 1154 363 1208 414; x_wconf 78' lang='grc' dir='ltr'>(ἡ)</span> <span class='ocrx_word' id='word_1_18' title='bbox 1241 363 1325 416; x_wconf 74' lang='grc' dir='ltr'>ὥρα</span> <span class='ocrx_word' id='word_1_19' title='bbox 1355 359 1445 416; x_wconf 73' lang='grc' dir='ltr'>ᾗ“).</span> <span class='ocrx_word' id='word_1_20' title='bbox 1507 357 1746 400; x_wconf 78' lang='lat' dir='ltr'>Secundum</span> 
     </span>
     <span class='ocr_line' id='line_1_4' title="bbox 144 435 1745 493; baseline -0.003 -14"><span class='ocrx_word' id='word_1_21' title='bbox 144 438 345 479; x_wconf 82' lang='lat' dir='ltr'>Senecam</span> <span class='ocrx_word' id='word_1_22' title='bbox 394 438 600 493; x_wconf 78' lang='lat' dir='ltr'>Epicurus</span> <span class='ocrx_word' id='word_1_23' title='bbox 651 437 822 478; x_wconf 81' lang='lat' dir='ltr'>adsidue</span> <span class='ocrx_word' id='word_1_24' title='bbox 869 438 1078 493; x_wconf 89' lang='lat' dir='ltr'>queritur,</span> <span class='ocrx_word' id='word_1_25' title='bbox 1131 438 1240 493; x_wconf 90' lang='lat' dir='ltr'>quod</span> <span class='ocrx_word' id='word_1_26' title='bbox 1285 437 1482 478; x_wconf 85' lang='lat' dir='ltr'>adversus</span> <span class='ocrx_word' id='word_1_27' title='bbox 1518 435 1745 491; x_wconf 85' lang='lat' dir='ltr'>praeterita</span> 
     </span>
     <span class='ocr_line' id='line_1_5' title="bbox 143 512 1745 571; baseline -0.002 -16"><span class='ocrx_word' id='word_1_28' title='bbox 143 516 271 556; x_wconf 89' lang='lat' dir='ltr'>simus</span> <span class='ocrx_word' id='word_1_29' title='bbox 301 516 481 570; x_wconf 79' lang='lat' dir='ltr'>ingrati,</span> <span class='ocrx_word' id='word_1_30' title='bbox 514 514 622 571; x_wconf 88' lang='lat' dir='ltr'>quod</span> <span class='ocrx_word' id='word_1_31' title='bbox 654 528 940 570; x_wconf 81' lang='lat' dir='ltr'>quaecumque</span> <span class='ocrx_word' id='word_1_32' title='bbox 971 516 1233 570; x_wconf 83' lang='lat' dir='ltr'>percepimus</span> <span class='ocrx_word' id='word_1_33' title='bbox 1263 515 1371 556; x_wconf 88' lang='lat' dir='ltr'>bona</span> <span class='ocrx_word' id='word_1_34' title='bbox 1396 528 1478 555; x_wconf 89' lang='lat' dir='ltr'>non</span> <span class='ocrx_word' id='word_1_35' title='bbox 1499 512 1745 553; x_wconf 82' lang='lat' dir='ltr'>reducamus</span> 
     </span>
     <span class='ocr_line' id='line_1_6' title="bbox 142 590 1745 647; baseline -0.002 -15"><span class='ocrx_word' id='word_1_36' title='bbox 142 606 218 632; x_wconf 87' lang='lat' dir='ltr'>nec</span> <span class='ocrx_word' id='word_1_37' title='bbox 263 593 372 633; x_wconf 91' lang='lat' dir='ltr'>inter</span> <span class='ocrx_word' id='word_1_38' title='bbox 412 593 648 647; x_wconf 80' lang='lat' dir='ltr'>voluptates</span> <span class='ocrx_word' id='word_1_39' title='bbox 679 606 972 645; x_wconf 85' lang='lat' dir='ltr'>numeremUS,</span> <span class='ocrx_word' id='word_1_40' title='bbox 1019 607 1112 634; x_wconf 90' lang='lat' dir='ltr'>cum</span> <span class='ocrx_word' id='word_1_41' title='bbox 1145 593 1294 634; x_wconf 80' lang='lat' dir='ltr'>certior</span> <span class='ocrx_word' id='word_1_42' title='bbox 1323 592 1439 633; x_wconf 88' lang='lat' dir='ltr'>nulla</span> <span class='ocrx_word' id='word_1_43' title='bbox 1470 592 1521 632; x_wconf 90' lang='lat' dir='ltr'>sit</span> <span class='ocrx_word' id='word_1_44' title='bbox 1553 590 1745 644; x_wconf 87' lang='lat' dir='ltr'>voluptas</span> 
     </span>
     <span class='ocr_line' id='line_1_7' title="bbox 143 666 1744 725; baseline -0.003 -15"><span class='ocrx_word' id='word_1_45' title='bbox 143 683 266 724; x_wconf 86' lang='lat' dir='ltr'>quam</span> <span class='ocrx_word' id='word_1_46' title='bbox 311 684 417 725; x_wconf 85' lang='lat' dir='ltr'>quae</span> <span class='ocrx_word' id='word_1_47' title='bbox 461 670 544 710; x_wconf 90' lang='lat' dir='ltr'>iam</span> <span class='ocrx_word' id='word_1_48' title='bbox 590 670 694 724; x_wconf 86' lang='lat' dir='ltr'>eripi</span> <span class='ocrx_word' id='word_1_49' title='bbox 740 684 823 710; x_wconf 87' lang='lat' dir='ltr'>non</span> <span class='ocrx_word' id='word_1_50' title='bbox 867 671 1031 725; x_wconf 86' lang='lat' dir='ltr'>potest⁷’</span> <span class='ocrx_word' id='word_1_51' title='bbox 1055 670 1100 723; x_wconf 79' lang='lat'>2).</span> <span class='ocrx_word' id='word_1_52' title='bbox 1171 671 1301 711; x_wconf 88' lang='lat' dir='ltr'>Porro</span> <span class='ocrx_word' id='word_1_53' title='bbox 1353 669 1559 725; x_wconf 84' lang='lat' dir='ltr'>Epicurus</span> <span class='ocrx_word' id='word_1_54' title='bbox 1611 666 1744 707; x_wconf 74' lang='lat' dir='ltr'>dixit:</span> 
     </span>
     <span class='ocr_line' id='line_1_8' title="bbox 142 745 1746 802; baseline -0.004 -14"><span class='ocrx_word' id='word_1_55' title='bbox 142 748 371 802; x_wconf 76' lang='grc' dir='ltr'><em>γεγόναμεν</em></span> <span class='ocrx_word' id='word_1_56' title='bbox 405 746 533 797; x_wconf 69' lang='grc' dir='ltr'>ἅπαξ,</span> <span class='ocrx_word' id='word_1_57' title='bbox 566 746 628 796; x_wconf 65' lang='grc' dir='ltr'>δὶς</span> <span class='ocrx_word' id='word_1_58' title='bbox 661 748 735 789; x_wconf 80' lang='grc' dir='ltr'>οὐκ</span> <span class='ocrx_word' id='word_1_59' title='bbox 767 747 849 789; x_wconf 76' lang='grc' dir='ltr'>’ἐστι</span> <span class='ocrx_word' id='word_1_60' title='bbox 869 749 1061 801; x_wconf 58' lang='grc' dir='ltr'>’γενέσθαι</span> <span class='ocrx_word' id='word_1_61' title='bbox 1084 761 1092 769; x_wconf 85' lang='grc'><em>·</em></span> <span class='ocrx_word' id='word_1_62' title='bbox 1126 745 1184 789; x_wconf 62' lang='grc' dir='ltr'>δεῖ</span> <span class='ocrx_word' id='word_1_63' title='bbox 1205 745 1245 789; x_wconf 74' lang='grc' dir='ltr'>δὲ</span> <span class='ocrx_word' id='word_1_64' title='bbox 1275 748 1349 788; x_wconf 82' lang='grc' dir='ltr'>τὸν</span> <span class='ocrx_word' id='word_1_65' title='bbox 1373 749 1500 788; x_wconf 79' lang='grc' dir='ltr'>αἰῶνα</span> <span class='ocrx_word' id='word_1_66' title='bbox 1523 745 1565 797; x_wconf 78' lang='lat' dir='ltr'>(i.</span> <span class='ocrx_word' id='word_1_67' title='bbox 1589 758 1623 784; x_wconf 82' lang='lat' dir='ltr'>e.</span> <span class='ocrx_word' id='word_1_68' title='bbox 1647 756 1746 784; x_wconf 75' lang='lat' dir='ltr'>sem-</span> 
     </span>
     <span class='ocr_line' id='line_1_9' title="bbox 134 821 1748 880; baseline -0.001 -17"><span class='ocrx_word' id='word_1_69' title='bbox 134 825 227 877; x_wconf 74' lang='lat' dir='ltr'>per)</span> <span class='ocrx_word' id='word_1_70' title='bbox 263 824 394 877; x_wconf 79' lang='grc' dir='ltr'>μηκέτ’</span> <span class='ocrx_word' id='word_1_71' title='bbox 425 825 525 866; x_wconf 77' lang='grc' dir='ltr'>εἶναι</span> <span class='ocrx_word' id='word_1_72' title='bbox 561 839 570 847; x_wconf 91' lang='grc'><em>·</em></span> <span class='ocrx_word' id='word_1_73' title='bbox 618 827 667 866; x_wconf 90' lang='grc' dir='ltr'>σὺ</span> <span class='ocrx_word' id='word_1_74' title='bbox 700 823 740 867; x_wconf 71' lang='grc' dir='ltr'>δὲ</span> <span class='ocrx_word' id='word_1_75' title='bbox 771 831 844 873; x_wconf 82' lang='grc' dir='ltr'>τῆς</span> <span class='ocrx_word' id='word_1_76' title='bbox 874 823 1017 880; x_wconf 75' lang='grc' dir='ltr'>αὔριον</span> <span class='ocrx_word' id='word_1_77' title='bbox 1050 825 1124 866; x_wconf 78' lang='grc' dir='ltr'>οὐκ</span> <span class='ocrx_word' id='word_1_78' title='bbox 1156 824 1213 866; x_wconf 81' lang='grc' dir='ltr'>ὢν</span> <span class='ocrx_word' id='word_1_79' title='bbox 1246 827 1385 878; x_wconf 74' lang='grc' dir='ltr'>κύριος</span> <span class='ocrx_word' id='word_1_80' title='bbox 1416 821 1643 878; x_wconf 75' lang='grc' dir='ltr'>ἀναβάλλῃ</span> <span class='ocrx_word' id='word_1_81' title='bbox 1673 821 1748 861; x_wconf 83' lang='grc' dir='ltr'>τὸν</span> 
     </span>
     <span class='ocr_line' id='line_1_10' title="bbox 143 897 1746 957; baseline -0.002 -15"><span class='ocrx_word' id='word_1_82' title='bbox 143 902 284 956; x_wconf 82' lang='grc' dir='ltr'>καιρόν</span> <span class='ocrx_word' id='word_1_83' title='bbox 307 916 316 925; x_wconf 89' lang='grc'><em>·</em></span> <span class='ocrx_word' id='word_1_84' title='bbox 349 904 370 943; x_wconf 90' lang='grc' dir='ltr'>ὁ</span> <span class='ocrx_word' id='word_1_85' title='bbox 405 900 444 944; x_wconf 69' lang='grc' dir='ltr'>δὲ</span> <span class='ocrx_word' id='word_1_86' title='bbox 476 901 644 944; x_wconf 80' lang='grc' dir='ltr'>πάντων</span> <span class='ocrx_word' id='word_1_87' title='bbox 674 900 776 957; x_wconf 75' lang='grc' dir='ltr'>βίος</span> <span class='ocrx_word' id='word_1_88' title='bbox 806 900 1030 957; x_wconf 69' lang='grc' dir='ltr'>μελλησμῷ</span> <span class='ocrx_word' id='word_1_89' title='bbox 1061 901 1412 956; x_wconf 83' lang='grc' dir='ltr'>παραπόλλυται·</span> <span class='ocrx_word' id='word_1_90' title='bbox 1445 902 1507 942; x_wconf 79' lang='grc' dir='ltr'>καὶ</span> <span class='ocrx_word' id='word_1_91' title='bbox 1541 897 1603 941; x_wconf 68' lang='grc' dir='ltr'>διὰ</span> <span class='ocrx_word' id='word_1_92' title='bbox 1623 901 1746 939; x_wconf 78' lang='grc' dir='ltr'>τοῦτο</span> 
     </span>
     <span class='ocr_line' id='line_1_11' title="bbox 143 978 1158 1034; baseline -0.002 -15"><span class='ocrx_word' id='word_1_93' title='bbox 143 979 310 1026; x_wconf 75' lang='grc' dir='ltr'>ἕκαστος</span> <span class='ocrx_word' id='word_1_94' title='bbox 342 979 456 1030; x_wconf 76' lang='grc' dir='ltr'>ἡμῶν</span> <span class='ocrx_word' id='word_1_95' title='bbox 487 978 806 1034; x_wconf 77' lang='grc' dir='ltr'>ἀσχολούμενος</span> <span class='ocrx_word' id='word_1_96' title='bbox 837 979 1091 1026; x_wconf 57' lang='grc' dir='ltr'>ἀποθνήσκει</span> <span class='ocrx_word' id='word_1_97' title='bbox 1113 979 1158 1031; x_wconf 82' lang='lat'>³).</span> 
     </span>
    </p>

    <p class='ocr_par' dir='ltr' id='par_1_3' title="bbox 139 1055 1750 2271">
     <span class='ocr_line' id='line_1_12' title="bbox 199 1055 1747 1110; baseline -0.002 -15"><span class='ocrx_word' id='word_1_98' title='bbox 199 1055 444 1107; x_wconf 76' lang='lat' dir='ltr'>Tormenta,</span> <span class='ocrx_word' id='word_1_99' title='bbox 477 1069 583 1110; x_wconf 88' lang='lat' dir='ltr'>quae</span> <span class='ocrx_word' id='word_1_100' title='bbox 614 1056 657 1095; x_wconf 93' lang='lat' dir='ltr'>in</span> <span class='ocrx_word' id='word_1_101' title='bbox 688 1055 830 1096; x_wconf 87' lang='lat' dir='ltr'>inferis</span> <span class='ocrx_word' id='word_1_102' title='bbox 863 1055 1107 1096; x_wconf 74' lang='lat' dir='ltr'>dicebantur</span> <span class='ocrx_word' id='word_1_103' title='bbox 1134 1055 1264 1096; x_wconf 87' lang='lat' dir='ltr'>malos</span> <span class='ocrx_word' id='word_1_104' title='bbox 1285 1068 1464 1106; x_wconf 76' lang='lat' dir='ltr'>vexare,</span> <span class='ocrx_word' id='word_1_105' title='bbox 1495 1067 1578 1093; x_wconf 88' lang='lat' dir='ltr'>non</span> <span class='ocrx_word' id='word_1_106' title='bbox 1599 1066 1747 1107; x_wconf 87' lang='lat' dir='ltr'>parum</span> 
     </span>
     <span class='ocr_line' id='line_1_13' title="bbox 141 1131 1746 1187; baseline -0.002 -15"><span class='ocrx_word' id='word_1_107' title='bbox 141 1133 285 1172; x_wconf 87' lang='lat' dir='ltr'>mortis</span> <span class='ocrx_word' id='word_1_108' title='bbox 314 1138 473 1173; x_wconf 85' lang='lat' dir='ltr'>metum</span> <span class='ocrx_word' id='word_1_109' title='bbox 504 1133 727 1187; x_wconf 79' lang='lat' dir='ltr'>augebant.</span> <span class='ocrx_word' id='word_1_110' title='bbox 784 1133 1006 1173; x_wconf 83' lang='lat' dir='ltr'>Lucretius</span> <span class='ocrx_word' id='word_1_111' title='bbox 1037 1140 1177 1173; x_wconf 86' lang='lat' dir='ltr'>autem</span> <span class='ocrx_word' id='word_1_112' title='bbox 1209 1146 1258 1173; x_wconf 86' lang='lat' dir='ltr'>ea</span> <span class='ocrx_word' id='word_1_113' title='bbox 1287 1146 1370 1172; x_wconf 88' lang='lat' dir='ltr'>non</span> <span class='ocrx_word' id='word_1_114' title='bbox 1402 1131 1644 1186; x_wconf 87' lang='lat' dir='ltr'>simpliciter</span> <span class='ocrx_word' id='word_1_115' title='bbox 1675 1143 1746 1170; x_wconf 89' lang='lat' dir='ltr'>ne-</span> 
     </span>
     <span class='ocr_line' id='line_1_14' title="bbox 141 1209 1746 1266; baseline -0.001 -17"><span class='ocrx_word' id='word_1_116' title='bbox 141 1209 278 1263; x_wconf 77' lang='lat' dir='ltr'>gavit,</span> <span class='ocrx_word' id='word_1_117' title='bbox 324 1224 471 1251; x_wconf 77' lang='lat' dir='ltr'>verum</span> <span class='ocrx_word' id='word_1_118' title='bbox 516 1210 810 1266; x_wconf 71' lang='grc' dir='ltr'>ἀλληγορικιὶς</span> <span class='ocrx_word' id='word_1_119' title='bbox 857 1223 962 1265; x_wconf 86' lang='lat' dir='ltr'>quae</span> <span class='ocrx_word' id='word_1_120' title='bbox 1011 1209 1060 1250; x_wconf 89' lang='lat' dir='ltr'>de</span> <span class='ocrx_word' id='word_1_121' title='bbox 1106 1209 1156 1250; x_wconf 89' lang='lat' dir='ltr'>iis</span> <span class='ocrx_word' id='word_1_122' title='bbox 1197 1214 1418 1250; x_wconf 84' lang='lat' dir='ltr'>narrantur</span> <span class='ocrx_word' id='word_1_123' title='bbox 1448 1209 1746 1262; x_wconf 85' lang='lat' dir='ltr'>interpretatus</span> 
     </span>
     <span class='ocr_line' id='line_1_15' title="bbox 141 1283 1747 1342; baseline -0.002 -16"><span class='ocrx_word' id='word_1_124' title='bbox 141 1290 229 1326; x_wconf 89' lang='lat' dir='ltr'>est:</span> <span class='ocrx_word' id='word_1_125' title='bbox 281 1300 378 1340; x_wconf 84' lang='lat' dir='ltr'>„ea,</span> <span class='ocrx_word' id='word_1_126' title='bbox 423 1287 466 1327; x_wconf 89' lang='lat' dir='ltr'>ni</span> <span class='ocrx_word' id='word_1_127' title='bbox 507 1287 681 1339; x_wconf 90' lang='lat' dir='ltr'>mirum,</span> <span class='ocrx_word' id='word_1_128' title='bbox 727 1300 833 1342; x_wconf 84' lang='lat' dir='ltr'>quae</span> <span class='ocrx_word' id='word_1_129' title='bbox 865 1300 1042 1342; x_wconf 86' lang='lat' dir='ltr'>cumque</span> <span class='ocrx_word' id='word_1_130' title='bbox 1073 1286 1317 1327; x_wconf 79' lang='lat' dir='ltr'>Acherunte</span> <span class='ocrx_word' id='word_1_131' title='bbox 1348 1284 1551 1340; x_wconf 89' lang='lat' dir='ltr'>profundo</span> <span class='ocrx_word' id='word_1_132' title='bbox 1582 1283 1747 1339; x_wconf 87' lang='lat' dir='ltr'>prodita</span> 
     </span>
     <span class='ocr_line' id='line_1_16' title="bbox 142 1360 1747 1416; baseline -0.001 -14"><span class='ocrx_word' id='word_1_133' title='bbox 142 1366 238 1402; x_wconf 87' lang='lat' dir='ltr'>sunt</span> <span class='ocrx_word' id='word_1_134' title='bbox 269 1376 385 1416; x_wconf 91' lang='lat' dir='ltr'>esse,</span> <span class='ocrx_word' id='word_1_135' title='bbox 417 1363 461 1403; x_wconf 90' lang='lat' dir='ltr'>in</span> <span class='ocrx_word' id='word_1_136' title='bbox 490 1363 578 1404; x_wconf 75' lang='lat' dir='ltr'>vita</span> <span class='ocrx_word' id='word_1_137' title='bbox 608 1367 704 1404; x_wconf 89' lang='lat' dir='ltr'>sunt</span> <span class='ocrx_word' id='word_1_138' title='bbox 735 1363 874 1404; x_wconf 88' lang='lat' dir='ltr'>omnia</span> <span class='ocrx_word' id='word_1_139' title='bbox 904 1363 1050 1404; x_wconf 84' lang='lat' dir='ltr'>nobis&#39;’</span> <span class='ocrx_word' id='word_1_140' title='bbox 1073 1364 1114 1416; x_wconf 78' lang='grc'>4).</span> <span class='ocrx_word' id='word_1_141' title='bbox 1176 1363 1341 1403; x_wconf 79' lang='lat' dir='ltr'>Tantali</span> <span class='ocrx_word' id='word_1_142' title='bbox 1374 1362 1534 1402; x_wconf 85' lang='lat' dir='ltr'>dolores</span> <span class='ocrx_word' id='word_1_143' title='bbox 1565 1360 1646 1401; x_wconf 85' lang='lat' dir='ltr'>fert</span> <span class='ocrx_word' id='word_1_144' title='bbox 1676 1360 1747 1415; x_wconf 89' lang='lat' dir='ltr'>qui</span> 
     </span>
     <span class='ocr_line' id='line_1_17' title="bbox 140 1436 1747 1495; baseline -0.002 -15"><span class='ocrx_word' id='word_1_145' title='bbox 140 1439 254 1480; x_wconf 85' lang='lat' dir='ltr'>inani</span> <span class='ocrx_word' id='word_1_146' title='bbox 300 1440 472 1481; x_wconf 89' lang='lat' dir='ltr'>deorum</span> <span class='ocrx_word' id='word_1_147' title='bbox 517 1445 633 1481; x_wconf 88' lang='lat' dir='ltr'>metu</span> <span class='ocrx_word' id='word_1_148' title='bbox 678 1445 869 1481; x_wconf 78' lang='lat' dir='ltr'>vexatur.</span> <span class='ocrx_word' id='word_1_149' title='bbox 930 1440 1076 1495; x_wconf 71' lang='lat' dir='ltr'>Tityos</span> <span class='ocrx_word' id='word_1_150' title='bbox 1119 1439 1188 1480; x_wconf 88' lang='lat' dir='ltr'>hic</span> <span class='ocrx_word' id='word_1_151' title='bbox 1219 1444 1307 1493; x_wconf 90' lang='lat' dir='ltr'>est,</span> <span class='ocrx_word' id='word_1_152' title='bbox 1354 1439 1425 1494; x_wconf 88' lang='lat' dir='ltr'>qui</span> <span class='ocrx_word' id='word_1_153' title='bbox 1455 1438 1606 1479; x_wconf 90' lang='lat' dir='ltr'>amoris</span> <span class='ocrx_word' id='word_1_154' title='bbox 1636 1436 1747 1478; x_wconf 90' lang='lat' dir='ltr'>auris</span> 
     </span>
     <span class='ocr_line' id='line_1_18' title="bbox 141 1516 1747 1573; baseline -0.002 -16"><span class='ocrx_word' id='word_1_155' title='bbox 141 1518 209 1558; x_wconf 87' lang='lat' dir='ltr'>vel</span> <span class='ocrx_word' id='word_1_156' title='bbox 240 1518 446 1573; x_wconf 88' lang='lat' dir='ltr'>cupidinis</span> <span class='ocrx_word' id='word_1_157' title='bbox 468 1518 695 1571; x_wconf 86' lang='lat' dir='ltr'>cruciatur,</span> <span class='ocrx_word' id='word_1_158' title='bbox 728 1522 825 1559; x_wconf 88' lang='lat' dir='ltr'>cett.</span> <span class='ocrx_word' id='word_1_159' title='bbox 858 1517 1065 1573; x_wconf 88' lang='lat' dir='ltr'>Epicurus</span> <span class='ocrx_word' id='word_1_160' title='bbox 1087 1517 1199 1558; x_wconf 89' lang='lat' dir='ltr'>idem</span> <span class='ocrx_word' id='word_1_161' title='bbox 1227 1517 1414 1558; x_wconf 89' lang='lat' dir='ltr'>docuisse</span> <span class='ocrx_word' id='word_1_162' title='bbox 1436 1516 1620 1567; x_wconf 78' lang='lat' dir='ltr'>videtur,</span> <span class='ocrx_word' id='word_1_163' title='bbox 1652 1527 1747 1555; x_wconf 91' lang='lat' dir='ltr'>cum</span> 
     </span>
     <span class='ocr_line' id='line_1_19' title="bbox 141 1594 1746 1649; baseline -0.002 -13"><span class='ocrx_word' id='word_1_164' title='bbox 141 1595 328 1649; x_wconf 85' lang='lat' dir='ltr'>legamus</span> <span class='ocrx_word' id='word_1_165' title='bbox 359 1609 455 1636; x_wconf 91' lang='lat' dir='ltr'>eum</span> <span class='ocrx_word' id='word_1_166' title='bbox 486 1609 613 1636; x_wconf 78' lang='lat' dir='ltr'>vanos</span> <span class='ocrx_word' id='word_1_167' title='bbox 646 1610 734 1636; x_wconf 88' lang='lat' dir='ltr'>esse</span> <span class='ocrx_word' id='word_1_168' title='bbox 766 1595 993 1636; x_wconf 89' lang='lat' dir='ltr'>inferorum</span> <span class='ocrx_word' id='word_1_169' title='bbox 1023 1600 1159 1636; x_wconf 88' lang='lat' dir='ltr'>metus</span> <span class='ocrx_word' id='word_1_170' title='bbox 1192 1595 1392 1636; x_wconf 86' lang='lat' dir='ltr'>docuisse.</span> <span class='ocrx_word' id='word_1_171' title='bbox 1432 1594 1592 1635; x_wconf 84' lang='lat' dir='ltr'>Seneca</span> <span class='ocrx_word' id='word_1_172' title='bbox 1616 1606 1746 1644; x_wconf 88' lang='lat' dir='ltr'>„non,</span> 
     </span>
     <span class='ocr_line' id='line_1_20' title="bbox 139 1671 1747 1728; baseline -0.001 -16"><span class='ocrx_word' id='word_1_173' title='bbox 139 1671 297 1727; x_wconf 87' lang='lat' dir='ltr'>inquit,</span> <span class='ocrx_word' id='word_1_174' title='bbox 329 1687 420 1713; x_wconf 91' lang='lat' dir='ltr'>sum</span> <span class='ocrx_word' id='word_1_175' title='bbox 451 1677 536 1713; x_wconf 83' lang='lat' dir='ltr'>tam</span> <span class='ocrx_word' id='word_1_176' title='bbox 566 1673 755 1728; x_wconf 89' lang='lat' dir='ltr'>ineptus,</span> <span class='ocrx_word' id='word_1_177' title='bbox 787 1677 833 1714; x_wconf 92' lang='lat' dir='ltr'>ut</span> <span class='ocrx_word' id='word_1_178' title='bbox 863 1673 1115 1728; x_wconf 88' lang='lat' dir='ltr'>Epicuream</span> <span class='ocrx_word' id='word_1_179' title='bbox 1147 1673 1398 1713; x_wconf 86' lang='lat' dir='ltr'>cantilenam</span> <span class='ocrx_word' id='word_1_180' title='bbox 1428 1671 1506 1712; x_wconf 90' lang='lat' dir='ltr'>hoc</span> <span class='ocrx_word' id='word_1_181' title='bbox 1536 1671 1626 1711; x_wconf 89' lang='lat' dir='ltr'>loco</span> <span class='ocrx_word' id='word_1_182' title='bbox 1654 1683 1747 1724; x_wconf 89' lang='lat' dir='ltr'>per-</span> 
     </span>
     <span class='ocr_line' id='line_1_21' title="bbox 140 1748 1747 1804; baseline -0.002 -14"><span class='ocrx_word' id='word_1_183' title='bbox 140 1763 289 1804; x_wconf 81' lang='lat' dir='ltr'>sequar</span> <span class='ocrx_word' id='word_1_184' title='bbox 331 1755 372 1790; x_wconf 90' lang='lat' dir='ltr'>et</span> <span class='ocrx_word' id='word_1_185' title='bbox 413 1749 546 1791; x_wconf 87' lang='lat' dir='ltr'>dicam</span> <span class='ocrx_word' id='word_1_186' title='bbox 582 1764 711 1791; x_wconf 85' lang='lat' dir='ltr'>vanos</span> <span class='ocrx_word' id='word_1_187' title='bbox 743 1764 833 1791; x_wconf 91' lang='lat' dir='ltr'>esse</span> <span class='ocrx_word' id='word_1_188' title='bbox 863 1750 1091 1791; x_wconf 87' lang='lat' dir='ltr'>inferorum</span> <span class='ocrx_word' id='word_1_189' title='bbox 1121 1754 1281 1803; x_wconf 86' lang='lat' dir='ltr'>metus,</span> <span class='ocrx_word' id='word_1_190' title='bbox 1327 1763 1403 1790; x_wconf 90' lang='lat' dir='ltr'>nec</span> <span class='ocrx_word' id='word_1_191' title='bbox 1434 1748 1747 1789; x_wconf 64' lang='lat' dir='ltr'>Ixionem&#39;rota</span> 
     </span>
     <span class='ocr_line' id='line_1_22' title="bbox 140 1824 1749 1884; baseline -0.002 -17"><span class='ocrx_word' id='word_1_192' title='bbox 140 1826 252 1867; x_wconf 86' lang='lat' dir='ltr'>volvi</span> <span class='ocrx_word' id='word_1_193' title='bbox 297 1841 375 1868; x_wconf 89' lang='lat' dir='ltr'>nec</span> <span class='ocrx_word' id='word_1_194' title='bbox 421 1841 569 1867; x_wconf 72' lang='lat' dir='ltr'>saxum</span> <span class='ocrx_word' id='word_1_195' title='bbox 610 1827 794 1869; x_wconf 89' lang='lat' dir='ltr'>humeris</span> <span class='ocrx_word' id='word_1_196' title='bbox 841 1828 1010 1884; x_wconf 80' lang='lat' dir='ltr'>Sisyphi</span> <span class='ocrx_word' id='word_1_197' title='bbox 1056 1828 1167 1869; x_wconf 87' lang='lat' dir='ltr'>trudi</span> <span class='ocrx_word' id='word_1_198' title='bbox 1188 1828 1232 1868; x_wconf 88' lang='lat' dir='ltr'>in</span> <span class='ocrx_word' id='word_1_199' title='bbox 1263 1827 1485 1868; x_wconf 80' lang='lat' dir='ltr'>adversum</span> <span class='ocrx_word' id='word_1_200' title='bbox 1515 1839 1592 1866; x_wconf 90' lang='lat' dir='ltr'>nec</span> <span class='ocrx_word' id='word_1_201' title='bbox 1622 1824 1749 1865; x_wconf 89' lang='lat' dir='ltr'>ullius</span> 
     </span>
     <span class='ocr_line' id='line_1_23' title="bbox 140 1903 1748 1960; baseline -0.002 -16"><span class='ocrx_word' id='word_1_202' title='bbox 140 1903 300 1945; x_wconf 84' lang='lat' dir='ltr'>viscera</span> <span class='ocrx_word' id='word_1_203' title='bbox 331 1909 372 1944; x_wconf 87' lang='lat' dir='ltr'>et</span> <span class='ocrx_word' id='word_1_204' title='bbox 412 1905 573 1945; x_wconf 89' lang='lat' dir='ltr'>renasci</span> <span class='ocrx_word' id='word_1_205' title='bbox 603 1918 724 1960; x_wconf 91' lang='lat' dir='ltr'>posse</span> <span class='ocrx_word' id='word_1_206' title='bbox 755 1905 907 1946; x_wconf 83' lang='lat' dir='ltr'>cotidie</span> <span class='ocrx_word' id='word_1_207' title='bbox 940 1910 981 1946; x_wconf 86' lang='lat' dir='ltr'>et</span> <span class='ocrx_word' id='word_1_208' title='bbox 1012 1905 1152 1960; x_wconf 86' lang='lat' dir='ltr'>carpi,</span> <span class='ocrx_word' id='word_1_209' title='bbox 1184 1918 1306 1945; x_wconf 88' lang='lat' dir='ltr'>nemo</span> <span class='ocrx_word' id='word_1_210' title='bbox 1339 1908 1424 1945; x_wconf 86' lang='lat' dir='ltr'>tam</span> <span class='ocrx_word' id='word_1_211' title='bbox 1455 1917 1558 1958; x_wconf 91' lang='lat' dir='ltr'>puer</span> <span class='ocrx_word' id='word_1_212' title='bbox 1580 1906 1670 1954; x_wconf 88' lang='lat' dir='ltr'>est,</span> <span class='ocrx_word' id='word_1_213' title='bbox 1702 1905 1748 1941; x_wconf 93' lang='lat' dir='ltr'>ut</span> 
     </span>
     <span class='ocr_line' id='line_1_24' title="bbox 141 1978 1749 2023; baseline -0.002 -1"><span class='ocrx_word' id='word_1_214' title='bbox 141 1980 370 2022; x_wconf 87' lang='lat' dir='ltr'>Cerberum</span> <span class='ocrx_word' id='word_1_215' title='bbox 415 1981 562 2022; x_wconf 89' lang='lat' dir='ltr'>timeat</span> <span class='ocrx_word' id='word_1_216' title='bbox 603 1986 645 2022; x_wconf 90' lang='lat' dir='ltr'>et</span> <span class='ocrx_word' id='word_1_217' title='bbox 692 1982 886 2023; x_wconf 83' lang='lat' dir='ltr'>tenebras</span> <span class='ocrx_word' id='word_1_218' title='bbox 926 1988 967 2023; x_wconf 89' lang='lat' dir='ltr'>et</span> <span class='ocrx_word' id='word_1_219' title='bbox 1011 1982 1211 2023; x_wconf 88' lang='lat' dir='ltr'>larvalem</span> <span class='ocrx_word' id='word_1_220' title='bbox 1252 1981 1443 2022; x_wconf 85' lang='lat' dir='ltr'>habitum</span> <span class='ocrx_word' id='word_1_221' title='bbox 1488 1979 1610 2020; x_wconf 87' lang='lat' dir='ltr'>nudis</span> <span class='ocrx_word' id='word_1_222' title='bbox 1651 1978 1749 2019; x_wconf 89' lang='lat' dir='ltr'>ossi-</span> 
     </span>
     <span class='ocr_line' id='line_1_25' title="bbox 140 2056 1748 2110; baseline -0.002 -11"><span class='ocrx_word' id='word_1_223' title='bbox 140 2058 218 2099; x_wconf 90' lang='lat' dir='ltr'>bus</span> <span class='ocrx_word' id='word_1_224' title='bbox 268 2058 602 2100; x_wconf 87' lang='lat' dir='ltr'>cohaerentium:</span> <span class='ocrx_word' id='word_1_225' title='bbox 652 2074 763 2100; x_wconf 90' lang='lat' dir='ltr'>mors</span> <span class='ocrx_word' id='word_1_226' title='bbox 813 2074 886 2101; x_wconf 87' lang='lat' dir='ltr'>nos</span> <span class='ocrx_word' id='word_1_227' title='bbox 937 2064 1009 2101; x_wconf 89' lang='lat' dir='ltr'>aut</span> <span class='ocrx_word' id='word_1_228' title='bbox 1055 2059 1261 2100; x_wconf 89' lang='lat' dir='ltr'>consumit</span> <span class='ocrx_word' id='word_1_229' title='bbox 1307 2063 1378 2100; x_wconf 90' lang='lat' dir='ltr'>aut</span> <span class='ocrx_word' id='word_1_230' title='bbox 1410 2058 1554 2099; x_wconf 77' lang='lat' dir='ltr'>exuit&#39;’</span> <span class='ocrx_word' id='word_1_231' title='bbox 1578 2059 1624 2110; x_wconf 80' lang='lat'>5).</span> <span class='ocrx_word' id='word_1_232' title='bbox 1686 2056 1748 2097; x_wconf 93' lang='lat' dir='ltr'>Si-</span> 
     </span>
     <span class='ocr_line' id='line_1_26' title="bbox 141 2133 1749 2193; baseline -0.001 -17"><span class='ocrx_word' id='word_1_233' title='bbox 141 2137 296 2177; x_wconf 85' lang='lat' dir='ltr'>militer</span> <span class='ocrx_word' id='word_1_234' title='bbox 349 2137 641 2190; x_wconf 81' lang='lat' dir='ltr'>Democritus,</span> <span class='ocrx_word' id='word_1_235' title='bbox 701 2138 771 2193; x_wconf 91' lang='lat' dir='ltr'>qui</span> <span class='ocrx_word' id='word_1_236' title='bbox 833 2138 1036 2192; x_wconf 84' lang='lat' dir='ltr'>originem</span> <span class='ocrx_word' id='word_1_237' title='bbox 1095 2137 1219 2177; x_wconf 89' lang='lat' dir='ltr'>huius</span> <span class='ocrx_word' id='word_1_238' title='bbox 1278 2135 1584 2191; x_wconf 86' lang='lat' dir='ltr'>superstitionis</span> <span class='ocrx_word' id='word_1_239' title='bbox 1644 2133 1749 2174; x_wconf 83' lang='lat' dir='ltr'>indi-</span> 
     </span>
     <span class='ocr_line' id='line_1_27' title="bbox 143 2211 1750 2271; baseline -0.001 -17"><span class='ocrx_word' id='word_1_240' title='bbox 143 2227 236 2255; x_wconf 80' lang='lat' dir='ltr'>care</span> <span class='ocrx_word' id='word_1_241' title='bbox 280 2219 479 2255; x_wconf 79' lang='lat' dir='ltr'>conatur:</span> <span class='ocrx_word' id='word_1_242' title='bbox 520 2216 642 2266; x_wconf 78' lang='grc' dir='ltr'>ἕνιοι,</span> <span class='ocrx_word' id='word_1_243' title='bbox 687 2215 845 2270; x_wconf 78' lang='lat' dir='ltr'>inquit,</span> <span class='ocrx_word' id='word_1_244' title='bbox 893 2219 1046 2264; x_wconf 58' lang='lat' dir='ltr'>&amp;vm-519·</span> <span class='ocrx_word' id='word_1_245' title='bbox 1094 2218 1242 2271; x_wconf 79' lang='grc' dir='ltr'>φύσιος</span> <span class='ocrx_word' id='word_1_246' title='bbox 1274 2213 1463 2257; x_wconf 68' lang='grc' dir='ltr'>διάλυσιν</span> <span class='ocrx_word' id='word_1_247' title='bbox 1495 2214 1569 2255; x_wconf 77' lang='grc' dir='ltr'>οὐκ</span> <span class='ocrx_word' id='word_1_248' title='bbox 1599 2211 1750 2260; x_wconf 75' lang='grc' dir='ltr'>εἰδότες</span> 
     </span>
    </p>
   </div>
   <div class='ocr_carea' id='block_1_3' title="bbox 92 2291 1750 2348">
    <p class='ocr_par' dir='ltr' id='par_1_4' title="bbox 92 2291 1750 2348">
     <span class='ocr_line' id='line_1_28' title="bbox 92 2291 1750 2348; baseline -0.001 -16"><span class='ocrx_word' id='word_1_249' title='bbox 92 2312 96 2315; x_wconf 91' lang='grc'><em>·</em></span> <span class='ocrx_word' id='word_1_250' title='bbox 145 2291 381 2346; x_wconf 60' lang='grc' dir='ltr'>ἄνθρωποι,</span> <span class='ocrx_word' id='word_1_251' title='bbox 431 2291 636 2341; x_wconf 70' lang='grc' dir='ltr'>ξυνειδὴσι</span> <span class='ocrx_word' id='word_1_252' title='bbox 679 2291 719 2335; x_wconf 71' lang='grc' dir='ltr'>δὲ</span> <span class='ocrx_word' id='word_1_253' title='bbox 766 2300 838 2341; x_wconf 84' lang='grc' dir='ltr'>τῆς</span> <span class='ocrx_word' id='word_1_254' title='bbox 870 2295 910 2334; x_wconf 82' lang='grc' dir='ltr'>ἐν</span> <span class='ocrx_word' id='word_1_255' title='bbox 942 2297 999 2348; x_wconf 67' lang='grc' dir='ltr'>τῷ</span> <span class='ocrx_word' id='word_1_256' title='bbox 1027 2291 1112 2347; x_wconf 76' lang='grc' dir='ltr'>βίῳ</span> <span class='ocrx_word' id='word_1_257' title='bbox 1143 2293 1543 2347; x_wconf 76' lang='grc' dir='ltr'>κακοπραγμοσύνης</span> <span class='ocrx_word' id='word_1_258' title='bbox 1573 2292 1647 2331; x_wconf 82' lang='grc' dir='ltr'>τὸν</span> <span class='ocrx_word' id='word_1_259' title='bbox 1678 2296 1750 2337; x_wconf 83' lang='grc' dir='ltr'>τῆς</span> 
     </span>
    </p>
   </div>
   <div class='ocr_carea' id='block_1_4' title="bbox 145 2503 1751 3038">
    <p class='ocr_par' dir='ltr' id='par_1_5' title="bbox 188 2503 348 2545">
     <span class='ocr_line' id='line_1_29' title="bbox 188 2503 348 2545; baseline 0 -11"><span class='ocrx_word' id='word_1_260' title='bbox 188 2504 212 2545; x_wconf 87' lang='lat'>¹)</span> <span class='ocrx_word' id='word_1_261' title='bbox 260 2503 348 2534; x_wconf 84' lang='lat' dir='ltr'>Stob.</span> 
     </span>
    </p>

    <p class='ocr_par' dir='ltr' id='par_1_6' title="bbox 186 2565 784 2606">
     <span class='ocr_line' id='line_1_30' title="bbox 186 2565 784 2606; baseline 0.002 -10"><span class='ocrx_word' id='word_1_262' title='bbox 186 2566 214 2606; x_wconf 70' lang='lat'>²)</span> <span class='ocrx_word' id='word_1_263' title='bbox 261 2565 370 2597; x_wconf 87' lang='lat' dir='ltr'>Senec.</span> <span class='ocrx_word' id='word_1_264' title='bbox 394 2566 433 2597; x_wconf 90' lang='lat' dir='ltr'>de</span> <span class='ocrx_word' id='word_1_265' title='bbox 456 2565 560 2597; x_wconf 85' lang='lat' dir='ltr'>benef.</span> <span class='ocrx_word' id='word_1_266' title='bbox 586 2566 666 2605; x_wconf 86' lang='grc' dir='ltr'>ΙΙΙ,</span> <span class='ocrx_word' id='word_1_267' title='bbox 690 2569 730 2605; x_wconf 85' lang='grc'>4,</span> <span class='ocrx_word' id='word_1_268' title='bbox 757 2569 784 2597; x_wconf 90' lang='lat'>1.</span> 
     </span>
    </p>

    <p class='ocr_par' dir='ltr' id='par_1_7' title="bbox 187 2628 647 2670">
     <span class='ocr_line' id='line_1_31' title="bbox 187 2628 647 2670; baseline 0 -10"><span class='ocrx_word' id='word_1_269' title='bbox 187 2628 214 2670; x_wconf 78' lang='grc'>3)</span> <span class='ocrx_word' id='word_1_270' title='bbox 261 2628 349 2660; x_wconf 88' lang='lat' dir='ltr'>Stob.</span> <span class='ocrx_word' id='word_1_271' title='bbox 374 2628 484 2660; x_wconf 82' lang='lat' dir='ltr'>Floril.</span> <span class='ocrx_word' id='word_1_272' title='bbox 510 2628 527 2660; x_wconf 94' lang='lat' dir='ltr'>I</span> <span class='ocrx_word' id='word_1_273' title='bbox 544 2653 552 2667; x_wconf 92' lang='lat'>‚</span> <span class='ocrx_word' id='word_1_274' title='bbox 577 2630 647 2662; x_wconf 87' lang='lat'>276.</span> 
     </span>
    </p>

    <p class='ocr_par' dir='ltr' id='par_1_8' title="bbox 186 2691 536 2733">
     <span class='ocr_line' id='line_1_32' title="bbox 186 2691 536 2733; baseline 0 -11"><span class='ocrx_word' id='word_1_275' title='bbox 186 2691 212 2732; x_wconf 65' lang='grc'>4)</span> <span class='ocrx_word' id='word_1_276' title='bbox 259 2691 340 2729; x_wconf 91' lang='grc' dir='ltr'>ΙΙΙ,</span> <span class='ocrx_word' id='word_1_277' title='bbox 365 2692 425 2724; x_wconf 81' lang='lat'>978</span> <span class='ocrx_word' id='word_1_278' title='bbox 449 2701 536 2733; x_wconf 85' lang='lat' dir='ltr'>seqq.</span> 
     </span>
    </p>

    <p class='ocr_par' dir='ltr' id='par_1_9' title="bbox 145 2751 1751 3038">
     <span class='ocr_line' id='line_1_33' title="bbox 188 2751 1748 2796; baseline -0.001 -12"><span class='ocrx_word' id='word_1_279' title='bbox 188 2754 214 2794; x_wconf 82' lang='grc'>5)</span> <span class='ocrx_word' id='word_1_280' title='bbox 261 2753 372 2785; x_wconf 86' lang='lat' dir='ltr'>Senec.</span> <span class='ocrx_word' id='word_1_281' title='bbox 396 2753 501 2794; x_wconf 83' lang='lat' dir='ltr'>Epist.</span> <span class='ocrx_word' id='word_1_282' title='bbox 524 2764 603 2785; x_wconf 90' lang='lat' dir='ltr'>mor.</span> <span class='ocrx_word' id='word_1_283' title='bbox 628 2754 698 2792; x_wconf 88' lang='lat' dir='ltr'>III,</span> <span class='ocrx_word' id='word_1_284' title='bbox 721 2764 770 2795; x_wconf 86' lang='lat' dir='ltr'>ep.</span> <span class='ocrx_word' id='word_1_285' title='bbox 795 2756 825 2793; x_wconf 88' lang='lat'>3,</span> <span class='ocrx_word' id='word_1_286' title='bbox 852 2757 899 2786; x_wconf 92' lang='lat'>18.</span> <span class='ocrx_word' id='word_1_287' title='bbox 925 2755 1020 2796; x_wconf 85' lang='lat' dir='ltr'>Ipsae</span> <span class='ocrx_word' id='word_1_288' title='bbox 1031 2754 1166 2796; x_wconf 76' lang='lat' dir='ltr'>Epicuri</span> <span class='ocrx_word' id='word_1_289' title='bbox 1181 2753 1337 2795; x_wconf 79' lang='lat' dir='ltr'>reliquiae</span> <span class='ocrx_word' id='word_1_290' title='bbox 1352 2752 1437 2784; x_wconf 87' lang='lat' dir='ltr'>idem</span> <span class='ocrx_word' id='word_1_291' title='bbox 1452 2752 1563 2784; x_wconf 78' lang='lat' dir='ltr'>testari</span> <span class='ocrx_word' id='word_1_292' title='bbox 1578 2751 1748 2783; x_wconf 67' lang='lat' dir='ltr'>videntur:</span> 
     </span>
     <span class='ocr_line' id='line_1_34' title="bbox 145 2815 1751 2859; baseline -0.002 -10"><span class='ocrx_word' id='word_1_293' title='bbox 145 2820 230 2858; x_wconf 80' lang='grc' dir='ltr'>πρὸς</span> <span class='ocrx_word' id='word_1_294' title='bbox 265 2816 465 2859; x_wconf 75' lang='grc' dir='ltr'>ὑπο(λὴ)ψει</span> <span class='ocrx_word' id='word_1_295' title='bbox 498 2817 654 2859; x_wconf 58' lang='grc' dir='ltr'>τιθέναᾲ)</span> <span class='ocrx_word' id='word_1_296' title='bbox 678 2836 718 2840; x_wconf 87' lang='grc'><strong>-</strong></span> <span class='ocrx_word' id='word_1_297' title='bbox 739 2817 882 2859; x_wconf 84' lang='grc' dir='ltr'>φοβερόν</span> <span class='ocrx_word' id='word_1_298' title='bbox 908 2837 949 2842; x_wconf 94' lang='grc'>-</span> <span class='ocrx_word' id='word_1_299' title='bbox 987 2818 1130 2859; x_wconf 75' lang='grc' dir='ltr'>ὑποψίαι</span> <span class='ocrx_word' id='word_1_300' title='bbox 1165 2835 1201 2839; x_wconf 86' lang='grc'>-</span> <span class='ocrx_word' id='word_1_301' title='bbox 1237 2817 1305 2849; x_wconf 80' lang='grc' dir='ltr'>οὐδ’</span> <span class='ocrx_word' id='word_1_302' title='bbox 1332 2818 1375 2854; x_wconf 81' lang='grc' dir='ltr'>ὠς</span> <span class='ocrx_word' id='word_1_303' title='bbox 1399 2815 1676 2856; x_wconf 75' lang='grc' dir='ltr'>καταν(ενο)ηκὼς</span> <span class='ocrx_word' id='word_1_304' title='bbox 1699 2816 1751 2847; x_wconf 90' lang='grc' dir='ltr'>ὅτι</span> 
     </span>
     <span class='ocr_line' id='line_1_35' title="bbox 146 2876 1751 2922; baseline -0.002 -11"><span class='ocrx_word' id='word_1_305' title='bbox 146 2881 279 2921; x_wconf 82' lang='grc' dir='ltr'>ταῦτ(α)</span> <span class='ocrx_word' id='word_1_306' title='bbox 304 2882 362 2921; x_wconf 84' lang='grc' dir='ltr'>μὲν</span> <span class='ocrx_word' id='word_1_307' title='bbox 386 2879 432 2911; x_wconf 83' lang='grc' dir='ltr'>δεῖ</span> <span class='ocrx_word' id='word_1_308' title='bbox 456 2880 608 2921; x_wconf 65' lang='grc' dir='ltr'>πα(θε)ἵν</span> <span class='ocrx_word' id='word_1_309' title='bbox 625 2880 664 2922; x_wconf 60' lang='grc'>(9)</span> <span class='ocrx_word' id='word_1_310' title='bbox 691 2881 752 2912; x_wconf 84' lang='grc' dir='ltr'>τὸν</span> <span class='ocrx_word' id='word_1_311' title='bbox 775 2880 1108 2922; x_wconf 85' lang='grc' dir='ltr'>ἁ(π)οβ&lt;ιω)σόμενον</span> <span class='ocrx_word' id='word_1_312' title='bbox 1141 2899 1182 2903; x_wconf 85' lang='grc'><strong>-</strong></span> <span class='ocrx_word' id='word_1_313' title='bbox 1205 2878 1506 2921; x_wconf 80' lang='grc' dir='ltr'>παραδεδο(μέν)ων</span> <span class='ocrx_word' id='word_1_314' title='bbox 1539 2876 1686 2919; x_wconf 65' lang='grc' dir='ltr'>μύθ(ων)</span> <span class='ocrx_word' id='word_1_315' title='bbox 1710 2895 1751 2900; x_wconf 92' lang='lat'>-—-</span> 
     </span>
     <span class='ocr_line' id='line_1_36' title="bbox 145 2939 1750 2984; baseline -0.002 -10"><span class='ocrx_word' id='word_1_316' title='bbox 145 2944 305 2983; x_wconf 83' lang='grc' dir='ltr'>τιμωρίαι.</span> <span class='ocrx_word' id='word_1_317' title='bbox 331 2942 509 2983; x_wconf 88' lang='lat' dir='ltr'>Gomperz,</span> <span class='ocrx_word' id='word_1_318' title='bbox 543 2942 636 2973; x_wconf 82' lang='lat' dir='ltr'>Neue</span> <span class='ocrx_word' id='word_1_319' title='bbox 659 2942 882 2975; x_wconf 78' lang='lat' dir='ltr'>Bruchstficke</span> <span class='ocrx_word' id='word_1_320' title='bbox 904 2943 1058 2984; x_wconf 80' lang='lat' dir='ltr'>Epikur‘s</span> <span class='ocrx_word' id='word_1_321' title='bbox 1082 2942 1307 2974; x_wconf 78' lang='lat' dir='ltr'>insbesondere</span> <span class='ocrx_word' id='word_1_322' title='bbox 1330 2941 1411 2973; x_wconf 82' lang='lat' dir='ltr'>iiber</span> <span class='ocrx_word' id='word_1_323' title='bbox 1432 2940 1483 2972; x_wconf 88' lang='lat' dir='ltr'>die</span> <span class='ocrx_word' id='word_1_324' title='bbox 1507 2939 1750 2981; x_wconf 78' lang='lat' dir='ltr'>Willensfrage.</span> 
     </span>
     <span class='ocr_line' id='line_1_37' title="bbox 146 3004 373 3038; baseline -0.004 -2"><span class='ocrx_word' id='word_1_325' title='bbox 146 3004 253 3036; x_wconf 88' lang='lat' dir='ltr'>Wien.</span> <span class='ocrx_word' id='word_1_326' title='bbox 284 3006 373 3038; x_wconf 88' lang='grc'>1876.</span> 
     </span>
    </p>
   </div>
  </div>
 </body>
</html>
