1894 3235
866 143 944 184 113

97 278 278 315 aetatem
323 289 444 330 posse
482 289 557 330 per
588 289 781 328 omnem,
829 277 1047 331 plagarum
1081 277 1178 332 quia
1210 281 1305 317 sunt
1339 276 1558 331 expertia,
1606 275 1712 316 sicut

95 351 219 392 inane
267 356 356 405 est,
404 352 513 407 quod
552 358 694 393 manet
726 354 929 394 intactum
960 369 1096 410 neque
1129 355 1179 395 ab
1211 355 1297 395 ictu
1328 354 1518 408 fungitur
1549 353 1710 406 hilum,

96 432 169 468 aut
200 429 326 469 etiam
358 429 455 484 quia
485 429 600 470 nulla
631 429 711 470 loci
742 430 788 470 fit
820 432 939 485 copia
971 432 1148 483 circum,
1195 446 1275 486 quo
1307 431 1425 486 quasi
1455 444 1521 471 res
1552 415 1712 485 possint

96 504 308 546 discedere
342 506 618 561 dissoluique,
653 507 759 547 sicut
792 522 1047 549 summarum
1080 522 1241 549 summa
1263 513 1325 548 est
1347 513 1542 560 aeterna,
1574 520 1711 562 neque

96 586 217 623 extra
257 583 326 637 qui
356 583 471 623 locus
503 588 566 624 est
598 598 677 639 quo
710 584 937 637 dissiliant,
980 599 1115 640 neque
1148 599 1321 640 corpora
1353 590 1450 626 sunt
1481 598 1587 640 quae
1619 598 1712 639 pos-

95 659 177 699 sint
207 659 390 700 incidere
422 664 464 700 et
494 660 632 701 valida
665 661 892 702 dissoluere
924 662 1088 716 plaga.”
1146 662 1258 702 Haec
1291 662 1371 702 tria
1401 667 1542 703 autem
1565 661 1711 702 mundi

95 751 177 778 non
223 742 319 778 sunt
361 739 551 793 propria:
601 753 700 793 ergo
732 740 919 779 mortalis
952 746 1014 780 est
1041 742 1077 793 ¹).
1141 741 1346 787 Quartum
1379 740 1558 795 denique
1591 753 1712 794 argu—

95 819 283 855 mentum
328 817 505 856 sumitur
550 830 604 857 ex
652 831 783 872 aquae
831 823 872 857 et
918 818 1026 871 ignis
1073 828 1276 872 perpetuo
1315 819 1557 859 certamine.
1618 818 1709 858 Ali-

95 892 258 947 quando
305 892 478 933 fortasse
526 893 704 933 alterum
747 894 983 948 superabit,
1032 899 1078 934 ut
1108 903 1257 949 poetae
1290 900 1445 935 canunt
1475 896 1558 936 iam
1590 900 1714 936 antea

94 969 359 1011 Phaethonte
410 985 434 1011 a
484 976 598 1011 recta
648 972 717 1011 via
766 972 985 1012 aberrante
1038 973 1166 1012 solem
1209 974 1347 1013 omnia
1389 974 1615 1025 torruisse,
1668 978 1710 1013 et

95 1061 245 1102 aquam
286 1062 450 1103 quoque
482 1049 564 1089 iam
597 1062 815 1103 superasse
846 1049 1116 1089 Deucalionis
1149 1054 1336 1105 tempore
1360 1051 1402 1103 2).
1464 1051 1559 1091 Hoc
1591 1064 1712 1104 argu-

93 1130 283 1165 mentum
328 1130 469 1167 tamen
516 1131 613 1167 ante
660 1127 831 1166 tertium
878 1141 1032 1182 ponere
1063 1128 1311 1180 mallemus,
1358 1143 1455 1168 nam
1486 1129 1639 1168 mirum
1669 1129 1714 1168 in

93 1202 263 1243 modum
294 1202 372 1243 hoc
403 1203 602 1256 tertium,
634 1204 742 1259 quod
779 1204 884 1244 alius
917 1208 979 1244 est
1011 1205 1176 1258 generis
1208 1205 1559 1257 ratiocinationis,
1584 1206 1713 1246 inter-

93 1280 251 1335 rumpit
296 1280 377 1321 tria
417 1281 608 1336 reliqua,
656 1285 875 1336 praeterea
921 1282 1144 1322 Lucretius
1187 1283 1312 1336 vulgo
1356 1282 1559 1322 eiusmodi
1591 1296 1712 1336 argu-

94 1361 263 1410 menta,
311 1371 417 1412 quae
459 1357 622 1398 ratione
663 1359 855 1398 nituntur
885 1372 1021 1414 neque
1052 1373 1131 1399 usu
1163 1359 1275 1399 vitae
1308 1363 1349 1399 et
1381 1359 1712 1412 consuetudine,

93 1435 243 1476 ultima
287 1435 418 1490 ponit.
480 1435 541 1476 Cf.
588 1436 669 1476 III.
713 1438 794 1476 819
838 1450 950 1491 seqq.
1023 1436 1105 1477 Sed
1146 1437 1382 1477 coniunctio
1424 1437 1596 1491 deniqne
1638 1437 1713 1477 im-

94 1511 234 1566 pedit,
277 1512 498 1567 quominus
545 1512 733 1553 ordinem
779 1521 1017 1553 mutemus:
1070 1513 1243 1554 fortasse
1296 1518 1421 1568 poeta
1474 1513 1552 1555 hoc
1594 1528 1713 1569 quar-

92 1583 183 1629 tum
214 1590 408 1630 ultimum
441 1604 531 1631 esse
557 1591 691 1631 voluit
723 1591 919 1646 quoniam
950 1595 1083 1631 artem
1115 1591 1324 1646 poeticam
1357 1591 1598 1646 respicienti
1621 1591 1712 1646 pul-

94 1666 346 1708 cherrimum
392 1672 454 1708 est
500 1682 631 1724 eoque
675 1669 992 1723 dignissimum,
1039 1668 1149 1724 quod
1179 1669 1586 1722 argumentationem
1619 1682 1713 1709 con-

93 1743 245 1785 cludat.
309 1744 407 1786 Tria
453 1745 525 1786 illa
566 1750 814 1799 argumenta
845 1751 987 1786 autem
1019 1745 1270 1786 conferenda
1301 1751 1397 1785 sunt
1428 1759 1522 1786 cuin
1554 1745 1713 1786 Stoico-

93 1835 186 1862 rum
219 1822 428 1862 sententia
446 1826 476 1871 ³)
498 1837 506 1862 ἓ
540 1823 695 1877 ἀρέσκει
727 1821 761 1864 δ’
797 1824 938 1871 αὐτοῖς
961 1827 1023 1864 καὶ
1047 1824 1290 1878 φθαρτὸν
1313 1823 1414 1864 εἶναι
1435 1824 1508 1864 τὸν
1533 1824 1711 1876 κόσμου,

95 1899 178 1942 ἅτε
218 1901 446 1955 ’γενητὸν
479 1904 536 1956 τῷ
567 1900 685 1955 λόγῳ
716 1903 799 1941 τῶν
832 1899 879 1942 δι’
912 1903 1147 1948 αἰσθήσεως
1181 1903 1442 1953 νοουμένων,
1486 1901 1543 1941 οὗ
1574 1901 1632 1940 τά
1664 1918 1713 1941 τε

92 1979 216 2031 μέρη
260 1979 470 2033 φὲαρτίι
514 1980 616 2019 ἐστι
660 1980 827 2019 καὶτὸ
861 1977 989 2019 ὅλου
1014 1991 1021 1998 “
1054 1979 1112 2018 τὰ
1147 1976 1198 2019 δὲ
1230 1979 1354 2032 μέρη
1386 1982 1470 2018 τοῦ
1508 1978 1712 2029 κόσμου

95 2057 341 2111 φθαρτά”
390 2058 464 2106 εἰς
504 2056 725 2105 ἄλληλα
763 2057 863 2111 γὰρ
911 2055 1292 2111 μεταβάλλει·
1338 2058 1526 2111 φθαρτὸς
1568 2055 1647 2110 ἄρα
1690 2058 1712 2097 ὁ

94 2134 284 2186 κόσμος·
333 2137 394 2174 καὶ
438 2134 480 2174 εἴ
524 2152 565 2174 τι
611 2131 948 2175 ἐπιδεκτικόν
995 2135 1097 2174 ἐστι
1144 2140 1232 2181 τῆς
1279 2134 1364 2174 ἐπὶ
1411 2134 1467 2174 τὸ
1515 2141 1711 2188 χεῖρον

92 2209 421 2265 μεταβολῆς,
468 2213 711 2266 φὲαρτόν
758 2213 868 2253 ἐστι
892 2225 899 2233 ·
949 2215 1008 2252 καὶ
1050 2213 1072 2252 ὁ
1104 2212 1260 2262 κόσμος
1293 2210 1402 2264 ἄρα·
1437 2208 1712 2265 ἐξαυχμοῦται

93 2289 175 2343 ’γὰρ
207 2292 270 2329 καὶ
303 2287 578 2335 ἐξυδατοῦται.

150 2364 333 2405 Mundus
388 2365 639 2405 dissolubilis
685 2369 747 2405 est
788 2365 983 2419 quoniam
1034 2364 1201 2404 initium
1257 2362 1418 2404 habuit.
1495 2362 1711 2411 Quomodo

93 2446 234 2482 autem
281 2442 420 2482 omnia
462 2442 639 2482 formata
685 2443 767 2482 sint
810 2457 919 2483 nunc
952 2442 1238 2497 explicaturus
1269 2446 1332 2481 est
1362 2444 1500 2496 poeta.
1561 2441 1711 2495 Neque

93 2519 264 2560 consilio
311 2519 483 2560 deorum
527 2534 663 2575 neque
709 2529 851 2561 niente
894 2520 1144 2575 decretoque
1179 2524 1414 2560 atomorum
1445 2518 1523 2558 hoc
1554 2518 1711 2558 factum

94 2600 184 2650 est,
216 2600 310 2652 post
339 2597 492 2638 multas
524 2611 578 2638 ex
609 2602 779 2638 aeterno
811 2603 999 2653 tempore
1032 2597 1291 2650 collisiones,
1324 2596 1494 2637 tandem
1525 2596 1586 2636 ita
1616 2610 1711 2637 con-

136 2810 160 2851 ¹)
205 2810 261 2842 Vs.
287 2810 444 2843 351—79.
491 2809 604 2841 Simile
626 2813 852 2851 argumentum
877 2811 963 2842 Plut.
988 2811 1069 2851 plac.
1096 2810 1124 2842 I.
1149 2812 1167 2841 5
1213 2808 1343 2840 Platoni
1366 2807 1507 2839 tribuit:
1553 2807 1710 2839 mundum

93 2872 227 2904 unicum
249 2883 337 2912 esse,
362 2873 396 2904 ἐκ
420 2875 478 2904 τοῦ
501 2874 544 2915 μὴ
567 2873 699 2906 ἔσεσθαι
725 2875 831 2907 αὐτὸν
853 2875 1048 2916 ἄφθαρτον,
1077 2874 1133 2905 ἐὰν
1156 2872 1175 2914 ᾖ
1200 2885 1230 2906 τι
1254 2872 1399 2912 ἐξωτέρω
1423 2872 1538 2902 αὐτοῦ.

136 2935 163 2978 ²)
211 2938 389 2968 380—415.

134 2998 160 3040 ³)
205 2999 248 3030 D.
272 2999 310 3031 L.
334 2998 449 3037 VIII,
476 3001 491 3030 1
512 3022 521 3038 ,
549 3001 619 3030 141.
