1894 3235
849 131 927 171 143

142 265 306 308 Deinde
336 265 602 306 metallorum
634 278 755 304 usum
786 264 1050 304 invenerunt.
1112 262 1238 304 Silvis
1270 261 1496 303 combustis
1526 261 1699 302 metalla

86 344 311 400 liquefacta.
340 343 384 383 in
414 348 550 383 terrae
583 355 805 382 cavernam
836 355 879 381 se
911 341 1200 395 collegerunt,
1231 340 1343 380 unde
1364 339 1554 379 homines
1577 338 1698 379 facile

87 421 258 462 metalla
287 419 538 475 liquefacere
570 418 818 458 didicerunt.
879 418 1069 458 Primum
1101 418 1194 458 auri
1224 417 1456 458 maximum
1488 420 1577 456 erat
1607 429 1699 470 pre-

88 498 221 550 tium,
267 511 367 537 mox
407 509 501 536 cum
545 494 737 535 viderent
768 508 838 535 aes
870 494 922 534 ad
953 508 1067 534 arma
1097 493 1287 534 facienda
1316 493 1453 548 aptius
1484 506 1596 544 esse,
1629 506 1699 533 aes

87 575 221 630 magis
252 574 549 630 quaerebatur:
583 587 691 613 nunc
725 587 867 612 rursus
899 586 1045 612 aurum
1076 572 1208 626 pluris
1240 571 1484 612 aestimatur
1503 572 1542 619 ¹).
1602 570 1636 610 F
1641 584 1700 610 er-

88 667 180 693 rum
220 651 476 706 usurpabant
522 650 574 691 ad
615 664 729 691 arma
759 650 925 704 telaque
957 649 1173 701 facienda,
1219 648 1368 689 deinde
1399 648 1452 689 ad
1482 661 1603 702 agros
1634 661 1699 688 co-

89 730 245 771 lendos.
306 729 393 770 Aes
433 729 549 783 prius
594 742 720 783 quam
760 727 916 767 ferrum
963 737 1051 767 erat
1082 731 1241 767 notum.
1302 726 1529 766 Paullatim
1561 725 1700 766 omnia

89 806 189 847 belli
232 806 510 846 instrumenta
555 805 819 845 invenerunt.
881 803 1007 844 Multi
1052 803 1178 843 etiam
1210 808 1377 854 tauros,
1424 801 1698 856 elephantos,

90 897 211 936 sues,
243 884 385 924 leones
416 883 602 938 aliasque
633 883 768 935 feras,
802 895 1053 937 quamquam
1084 881 1212 934 vulgo
1234 880 1411 931 frustra,
1442 879 1701 934 usurpabant

90 961 142 1002 ad
187 961 297 1002 bella
343 960 538 1014 gerenda.
600 959 763 1000 Deinde
795 968 932 999 vestes
962 963 1191 998 texuerunt
1222 962 1443 1012 postquam
1473 956 1572 997 ferri
1600 970 1701 996 usus

90 1038 299 1091 innotuit,
345 1038 526 1093 primum
571 1038 677 1089 viri,
723 1045 869 1092 postea
912 1036 1115 1088 feminae,
1186 1049 1307 1087 „uam
1344 1035 1469 1088 longe
1515 1038 1701 1089 praestat

90 1117 134 1158 in
180 1121 268 1157 arte
311 1125 352 1156 et
384 1116 593 1156 sollertius
625 1120 687 1155 est
718 1115 848 1155 multo
882 1128 1014 1168 genus
1046 1127 1166 1154 omne
1198 1112 1359 1153 virile”.
1419 1112 1582 1152 Natura
1611 1112 1702 1166 ipsa

93 1195 304 1250 specimen
335 1194 450 1234 dedit
482 1194 571 1248 agri
603 1193 794 1245 colendi,
827 1192 937 1248 quod
967 1191 1156 1231 homines
1188 1189 1320 1231 secuti
1352 1194 1470 1242 sunt,
1503 1189 1599 1229 inde
1630 1203 1701 1229 va-

92 1273 176 1314 rios
222 1272 488 1327 diversosque
533 1272 692 1311 fructus
740 1271 816 1311 sibi
863 1277 1116 1324 paraverunt
1139 1270 1185 1321 2).
1249 1268 1429 1309 Cautum
1467 1266 1701 1307 didicerunt

92 1351 144 1392 ab
190 1349 336 1390 avibus
377 1354 417 1389 et
458 1348 664 1403 zephyris.
728 1348 891 1388 Sensim
922 1346 1226 1401 paullatimque
1256 1345 1387 1385 vitam
1423 1348 1703 1396 ornaverunt,

93 1428 361 1479 saltationes,
410 1427 575 1482 pulcras
620 1430 758 1466 vestes
805 1425 968 1479 aliaque
1010 1424 1285 1464 invenientes.
1348 1422 1419 1463 Sol
1449 1426 1574 1477 atque
1606 1422 1706 1462 luna

91 1510 280 1560 tempora
311 1505 409 1545 anni
441 1504 682 1545 docuerunt.
745 1503 852 1543 Tum
883 1503 1037 1554 urbes,
1086 1501 1311 1541 divisiones
1342 1505 1507 1552 terrae,
1549 1513 1704 1552 naves,

92 1583 284 1636 litterae,
331 1597 399 1624 ars
442 1582 608 1637 poetica
639 1591 779 1622 secuta
811 1585 930 1632 sunt,
978 1593 1083 1635 quae
1120 1593 1243 1630 „usus
1275 1583 1316 1619 et
1346 1578 1551 1632 impigrae
1583 1577 1707 1618 simul

92 1660 355 1715 experientia
398 1659 551 1700 mentis
591 1659 793 1713 paulatim
826 1657 965 1698 docuit
996 1656 1269 1711 pedetemtim
1299 1655 1632 1710 progredientis'’
1659 1654 1704 1704 3).

92 1738 253 1779 Eadem
280 1738 509 1793 Epicurum
533 1737 721 1777 docuisse
739 1735 965 1776 verisimile
987 1735 1033 1775 fit
1055 1734 1228 1775 Diodori
1253 1733 1383 1775 Siculi
1406 1733 1566 1786 verbis,
1599 1747 1705 1789 quae

94 1819 347 1870 sequuntur:
381 1815 454 1857 Ἐκ
485 1813 525 1857 ἓὲ
547 1817 696 1856 τούτου
718 1814 800 1856 κατ’
825 1813 977 1868 ὀλίγον
1000 1813 1080 1854 ὑπὸ
1103 1819 1174 1863 τῆς
1197 1814 1339 1866 πείρας
1362 1809 1705 1864 διδασκομένους,

95 1893 152 1941 εἷς
182 1911 222 1934 τε
253 1892 302 1934 ra*
333 1893 516 1941 σπήλαια
549 1893 813 1947 καταφεύγειν
845 1893 887 1932 ἐν
917 1894 973 1945 τῷ
1006 1893 1193 1944 χειμῶνι,
1224 1892 1287 1930 καὶ
1317 1891 1399 1930 τῶν
1421 1891 1587 1942 καρπῶν
1608 1890 1707 1936 τοὺς

96 1969 375 2024 φυλάττεσὲαι
407 1967 660 2020 δυναμένους
692 1968 967 2009 interlitos-az
986 2000 994 2007 .
1020 1968 1288 2021 γνωσὲέντος
1321 1963 1361 2007 δὲ
1393 1970 1466 2006 τοῦ
1487 1965 1620 2018 πυρὸς
1643 1968 1707 2006 καὶ

96 2051 178 2089 τῶν
210 2046 356 2088 ἄλλων
387 2050 468 2087 τῶν
501 2049 740 2101 χρησίμων,
787 2043 889 2086 κατά
917 2045 1062 2098 μικρὸν
1093 2046 1155 2085 καὶ
1187 2042 1260 2091 τᾶς
1292 2044 1444 2098 τέχνας
1474 2043 1708 2097 εὑρεθῆναι,

98 2127 161 2166 καὶ
203 2123 339 2165 τᾶλλα
380 2122 429 2164 rei
470 2122 672 2174 δυνάμενα
714 2123 788 2163 τὸν
821 2123 960 2163 κοινὸν
991 2119 1095 2176 βίον
1127 2119 1334 2175 ὠφελῆσαι
1367 2150 1375 2158 .
1409 2120 1595 2160 καθόλου
1627 2119 1707 2174 γὰρ

97 2202 266 2244 πάντων
290 2203 365 2250 τὴν
389 2203 533 2256 χρείαν
555 2201 683 2248 αὐτὴν
705 2198 958 2242 διδάσκαλον
979 2199 1172 2253 γενέσθαι
1196 2203 1284 2245 τοῖς
1307 2197 1548 2252 ἀνθρώποις
1565 2228 1576 2245 ,
1609 2197 1710 2252 ὑφη-

97 2281 303 2334 γουμένην
349 2281 506 2326 οἰκείως
546 2279 621 2326 τὴν
666 2278 837 2318 ἑκάστου
882 2277 1062 2327 μάθησιν
1094 2275 1230 2330 εὐφυεῖ
1261 2273 1352 2329 ζ’ὠῳ
1384 2276 1447 2315 καὶ
1480 2275 1711 2329 συνεργοὺς

99 2357 240 2412 ’έχοντι
271 2356 378 2410 πρὸς
411 2356 572 2397 ἅπαντα
605 2361 774 2410 χεῖρας,
813 2357 874 2395 καὶ
908 2353 1046 2408 λόγον
1079 2355 1140 2393 καὶ
1172 2353 1312 2406 ψυχῆς
1343 2350 1582 2405 ἀγχίνοιαν.
1641 2349 1710 2404 Ip-

99 2432 185 2473 sius
228 2432 401 2487 Epicuri
445 2431 575 2472 verba
621 2435 867 2486 supersunt,
916 2443 1022 2485 quae
1063 2428 1177 2469 idem
1206 2432 1426 2468 testantur.
1487 2427 1710 2468 Lucretius

98 2523 158 2550 vs.
203 2510 312 2550 1020
343 2509 401 2549 ait
431 2509 588 2564 primos
618 2508 809 2549 homines
838 2507 1007 2548 foedera
1037 2506 1184 2546 fecisse
1214 2505 1324 2545 inter
1355 2518 1397 2544 se
1428 2517 1480 2544 ne
1513 2518 1556 2544 se
1589 2504 1710 2545 vicis-

100 2587 178 2628 sim
203 2586 442 2639 laederent,
474 2600 526 2627 ne
550 2600 700 2641 pueros
724 2590 766 2626 et
787 2586 985 2626 mulieres
1005 2584 1233 2634 violarent,
1257 2596 1432 2636 aequum
1455 2595 1543 2622 esse
1567 2595 1710 2622 omnes

99 2664 404 2704 imbecillorum
448 2664 660 2704 misereri:
705 2663 874 2704 fuerunt
905 2668 1046 2703 tamen
1078 2661 1148 2716 qui
1178 2660 1282 2701 haec
1312 2659 1481 2700 foedera
1510 2673 1595 2700 non
1626 2672 1710 2700 ser-

100 2747 275 2793 varent,
317 2741 467 2796 quibus
510 2755 608 2795 ergo
654 2741 718 2781 ius
749 2755 831 2781 non
863 2744 985 2781 esset.
1046 2739 1255 2793 Epicurus
1287 2741 1431 2778 autem
1462 2737 1520 2777 ait
1550 2736 1595 2777 in
1627 2736 1712 2778 Ra-

145 2875 170 2915 1)
220 2875 398 2906 1241-80.

145 2937 170 2977 π)
218 2937 439 2969 1281—1378.

146 2998 173 3041 ³)
222 2999 441 3032 1379—1457.
