1921 3235
907 101 987 141 168

139 249 220 291 que
266 234 463 290 quietae,
512 249 613 290 quas
658 247 794 289 neque
841 233 1084 274 concutiunt
1128 233 1245 273 venti
1289 246 1366 273 nec
1411 232 1557 273 nubila
1598 231 1751 273 nimbis

138 316 366 368 aspergunt
411 325 547 366 neque
594 311 667 350 nix
700 310 783 351 acri
815 314 1009 351 concreta
1029 310 1180 366 pruina
1201 324 1305 351 cana
1325 309 1476 351 cadens
1497 309 1626 351 violat
1647 323 1750 350 sem-

137 403 295 444 perque
336 388 548 429 innubilus
588 386 735 428 aether
764 387 944 441 integit,
992 391 1033 428 et
1065 388 1181 442 large
1214 387 1362 428 diffuso
1395 387 1552 428 lumine
1583 387 1748 442 rident3

138 466 277 507 omnia
317 465 557 521 suppeditat
586 478 708 520 porro
738 469 915 518 natura,
961 479 1098 521 neque
1130 465 1217 506 ulla
1246 479 1312 506 res
1344 465 1473 506 animi
1502 479 1649 520 pacem
1681 465 1750 506 de-

136 543 241 584 libat
272 547 460 597 tempore
491 542 535 582 in
566 542 678 582 ullo''
705 542 741 595 ¹).
1363 536 1367 540 ⁴

193 621 368 661 Praeter
412 624 570 661 rectam
602 619 773 660 deorum
806 620 1088 674 cognitionem
1120 620 1247 660 animi
1279 624 1428 661 natura
1458 620 1650 674 cognosci
1681 619 1750 661 de-

136 697 230 751 bet,
263 711 315 738 ne
346 701 544 752 putemus
574 711 649 737 nos
680 697 937 737 immortales
969 711 1058 738 esse
1091 701 1132 738 et
1162 701 1255 752 post
1285 702 1462 738 mortem
1488 698 1621 738 multa
1641 698 1752 738 mala

136 789 358 830 passuros,
390 788 488 815 nam
519 775 663 815 mortis
693 778 831 815 metus
867 774 1078 827 „funditus
1109 774 1335 816 humanam
1366 775 1496 816 vitam
1527 775 1668 816 turbat
1698 775 1750 816 ab

134 853 245 906 imo,
280 853 418 894 omnia
449 852 692 893 suffundens
723 853 867 893 mortis
898 853 1095 907 nigrore,
1127 866 1263 908 neque
1295 853 1422 894 ullam
1451 867 1541 894 esse
1561 854 1751 909 volupta-

136 935 221 972 tem
266 931 469 987 liquidam
514 945 744 987 puramque
790 931 1016 986 relinquit’'
1041 930 1086 984 2).
1149 931 1289 971 Metus
1334 930 1402 971 hic
1443 945 1575 986 paene
1608 945 1751 972 omnes

136 1010 336 1064 corripit,
369 1009 469 1065 quin
502 1009 629 1050 etiam
661 1024 754 1063 eos,
788 1010 857 1065 qui
890 1023 932 1050 se
967 1009 1078 1049 omni
1109 1012 1226 1049 metu
1257 1009 1408 1050 liberos
1440 1022 1529 1050 esse
1551 1008 1750 1062 credunt,

134 1090 312 1127 mortem
364 1086 512 1127 timere
563 1091 738 1142 apparet
784 1090 826 1127 et
879 1086 946 1138 „in
987 1086 1112 1127 rebus
1158 1085 1317 1127 acerbis
1363 1086 1498 1126 acrius
1529 1085 1753 1126 advertunt

135 1164 297 1205 animos
328 1163 380 1204 ad
407 1164 706 1218 religionem'',
745 1178 866 1215 „nam
897 1177 1021 1204 verae
1057 1177 1180 1204 voces
1211 1167 1300 1204 tum
1323 1163 1490 1204 demum
1512 1166 1679 1218 pectore
1701 1163 1752 1204 ab

133 1241 217 1282 imo
261 1241 493 1294 eiciuntur,
541 1245 583 1282 et
626 1232 814 1296 eripitur
846 1255 1051 1296 persona,
1097 1244 1240 1282 manet
1285 1241 1403 1294 res’',
1449 1241 1476 1281 i.
1510 1254 1545 1281 c.
1578 1240 1752 1296 eripitur

137 1317 267 1358 fallax
314 1317 501 1372 species,
544 1332 668 1373 quam
714 1331 814 1373 prae
859 1331 902 1358 se
948 1317 1114 1370 ferunt,
1162 1321 1303 1358 manet
1344 1331 1445 1358 vera
1475 1318 1684 1359 sententia
1706 1318 1751 1371 3).

138 1395 368 1436 Praeterea
413 1409 507 1436 cum
553 1399 731 1436 mortem
777 1395 954 1436 timeant
994 1395 1213 1448 homines,
1259 1395 1420 1448 omnia,
1468 1409 1574 1451 quae
1621 1395 1752 1437 vitam

134 1473 244 1514 tueri
275 1477 449 1529 possunt
480 1473 548 1514 vel
579 1487 699 1528 posse
731 1477 960 1529 putantur,
1006 1473 1271 1528 voluptates,
1314 1473 1504 1527 divitias,
1546 1473 1752 1528 honores,

135 1565 260 1607 quam
307 1551 592 1592 strenuissime
634 1551 711 1592 sibi
752 1556 958 1607 quaerunt
988 1565 1063 1607 per
1095 1551 1156 1592 fas
1187 1555 1229 1592 et
1260 1551 1403 1604 nefas,
1449 1551 1508 1592 ita
1538 1555 1584 1592 ut
1615 1565 1670 1592 ex
1702 1565 1750 1593 eo

133 1629 283 1670 timore
329 1629 511 1685 plurima
556 1630 714 1671 scelera
757 1633 1009 1683 nascantur,
1051 1629 1150 1685 quin
1183 1629 1310 1670 etiam
1341 1629 1531 1670 homines
1561 1629 1642 1685 ipsi
1673 1629 1751 1671 sibi

133 1712 313 1748 mortem
341 1708 598 1749 consciscant
617 1741 626 1761 ,
662 1708 806 1760 „obliti
827 1707 984 1748 fontem
1007 1722 1200 1748 curarum
1221 1707 1332 1749 hunc
1355 1721 1444 1749 esse
1466 1708 1686 1749 timorem'’
1704 1712 1750 1758 4).

191 1784 325 1826 Vides
366 1799 492 1840 quam
529 1785 727 1840 gravibus
758 1785 1002 1840 acerbisque
1033 1784 1173 1826 verbis
1204 1785 1426 1826 Lucretius
1456 1785 1602 1826 mortis
1632 1785 1752 1826 timo-

133 1874 223 1902 rem
269 1862 481 1917 vituperet
527 1862 649 1917 eique
694 1861 780 1903 fere
824 1862 963 1903 omnia
1009 1862 1121 1902 mala
1151 1861 1308 1903 tribuat
1340 1866 1382 1903 et
1411 1862 1585 1903 fortasse
1617 1862 1752 1904 credis

135 1953 232 1981 eum
272 1940 438 1995 poetico
478 1939 617 1981 furore
649 1944 888 1996 correptum
919 1954 1009 1981 esse
1042 1943 1084 1980 et
1115 1954 1139 1980 a
1169 1939 1358 1994 magistri
1389 1940 1454 1981 via
1487 1939 1752 1981 aberrantem

135 2016 226 2058 eius
273 2017 383 2058 dicta
429 2031 724 2073 exaggerasse.
787 2018 870 2060 Sed
917 2033 1011 2059 eum
1042 2018 1196 2073 legeris
1228 2018 1331 2059 illud
1363 2018 1535 2074 Epicuri
1567 2018 1751 2060 dictum:

139 2098 325 2147 „tantam
355 2094 572 2136 hominum
604 2096 932 2152 imprudentiam
965 2110 1081 2149 esse,
1114 2097 1242 2137 immo
1275 2096 1555 2149 dementiam,
1588 2099 1634 2137 ut
1665 2096 1753 2152 qui-

137 2171 231 2213 dam
274 2172 424 2213 timore
469 2173 615 2214 mortis
647 2178 848 2228 cogantur
880 2173 933 2214 ad
962 2174 1168 2214 mortem'’
1187 2173 1245 2227 ⁵),
1277 2188 1371 2214 cum
1402 2173 1480 2215 hoc
1511 2173 1753 2229 paradoxon

183 2325 204 2366 ¹)
252 2325 334 2365 ΙΙΙ,
362 2328 399 2357 18
424 2336 512 2368 seqq.

175 2387 200 2425 2)
246 2388 326 2427 ΙΙΙ,
353 2390 392 2420 38
417 2399 504 2430 seqq.

175 2451 201 2492 ³)
252 2451 330 2490 ΙΙΙ,
359 2453 421 2490 53,
447 2453 507 2490 54,
535 2453 596 2491 57,
621 2454 672 2484 58.

177 2513 202 2555 ⁴)
251 2513 332 2553 ΙΙΙ,
357 2516 408 2545 82.

177 2577 203 2616 ⁵)
250 2576 381 2608 Seneca.
415 2576 518 2617 Epist.
555 2588 634 2609 mor.
667 2577 724 2609 lib.
751 2578 825 2618 III,
861 2589 908 2619 ep.
934 2581 974 2617 3,
1010 2580 1060 2610 23.
1108 2579 1200 2610 Duas
1224 2579 1369 2611 Lucretii
1391 2579 1550 2621 imagines
1574 2580 1653 2612 111:
1691 2581 1752 2620 87,

134 2649 210 2670 nam
244 2639 299 2670 vel
329 2639 379 2670 uti
410 2641 502 2680 pueri
536 2640 700 2680 trepidant
732 2644 807 2673 cett.
844 2645 876 2673 et
898 2652 945 2672 vs.
971 2643 1010 2672 58
1035 2641 1172 2682 eripitur
1194 2653 1331 2683 persona
1353 2647 1462 2674 manet
1486 2654 1551 2682 rav,
1586 2643 1620 2674 in
1643 2644 1753 2676 eadem

137 2701 278 2733 Senecae
303 2701 439 2743 epistola
456 2727 463 2741 ,
489 2713 685 2744 quamquam
708 2703 802 2735 aliter
825 2704 1038 2743 adhibentur,
1063 2705 1218 2736 invenies.
1247 2704 1261 2745 ᾧ
1289 2708 1350 2737 13:
1375 2707 1482 2747 „quod
1505 2706 1595 2738 vides
1611 2706 1753 2739 accidere

133 2763 262 2803 pueris,
286 2763 347 2795 hoc
370 2764 462 2795 nobis
487 2775 614 2806 quoque
637 2765 826 2797 maiusculis
849 2766 960 2807 pueris
984 2767 1112 2798 evenit:
1138 2767 1187 2798 illi
1211 2778 1290 2809 quos
1306 2773 1438 2807 amant,
1463 2768 1581 2810 quibus
1596 2770 1752 2801 adsueve-

133 2829 212 2858 runt
224 2850 232 2865 ,
255 2837 329 2858 cum
352 2827 469 2868 quibus
485 2827 621 2867 ludunt,
646 2829 673 2860 si
688 2833 875 2869 personatos
892 2830 1004 2862 vident
1017 2855 1024 2869 ,
1049 2834 1270 2871 expavescunt
1284 2842 1290 2863 ε
1320 2842 1385 2864 non
1401 2831 1586 2864 hominibus
1601 2836 1729 2864 tantum
1742 2856 1751 2872 ,

134 2889 189 2919 sed
213 2889 301 2919 rebus
324 2899 459 2930 persona
482 2891 639 2922 demenda
661 2894 710 2923 est
733 2896 765 2923 et
788 2893 948 2924 reddenda
971 2893 1069 2925 facies
1092 2894 1182 2926 sua”.
1229 2894 1310 2926 Cum
1334 2904 1351 2926 e
1366 2897 1435 2926 tota
1449 2894 1585 2935 epistola
1600 2899 1753 2936 appareat

134 2956 257 2992 quanta
287 2951 448 2984 industria
479 2953 600 2985 Seneca
633 2954 697 2986 huc
720 2956 914 2996 pertinentia
938 2955 1071 2997 Epicuri
1095 2956 1214 2997 scripta
1237 2957 1352 2998 legerit
1388 2957 1442 3000 (cf.
1467 2958 1480 2999 ᾗ
1508 2960 1564 2996 18,
1591 2959 1652 2996 22,
1678 2960 1750 2997 23),
