1894 3235
929 121 982 161 98

145 257 241 294 sunt
287 257 551 308 φανταστικαὶ
598 252 795 309 ἐπιβολαὶ
848 261 921 302 τῆς
967 252 1178 307 διανοίας,
1225 255 1371 310 quales
1417 260 1514 296 sunt
1565 256 1765 298 Centauri

145 331 400 387 Cerberique
456 331 661 385 imagines
717 331 1042 387 insanorumque
1089 333 1438 387 imaginationes,
1486 348 1588 389 quas
1633 335 1765 376 libero

144 409 325 465 quodam
369 413 486 450 motu
528 409 691 449 animus
723 408 801 448 sibi
834 408 983 463 fingit,
1032 410 1177 452 insitas
1209 411 1467 466 coniungens
1497 411 1702 466 imagines
1725 414 1764 466 ¹).

142 485 285 527 Etiam
331 486 594 527 extrinsecus
639 485 682 525 in
726 485 913 526 animum
943 486 1087 527 inferri
1118 494 1315 542 possunt,
1363 492 1585 544 postquam
1617 503 1639 530 e
1671 503 1766 531 con-

140 564 353 606 iunctione
384 564 701 605 simulacrorum
734 568 830 603 sunt
861 563 1020 616 factae,
1052 570 1098 605 ut
1129 580 1254 620 supra
1286 565 1481 607 diximus.

199 642 350 684 Omnia
380 641 674 697 reputantibus
706 641 824 682 nobis
855 641 1024 682 videtur
1055 648 1181 698 poeta
1211 658 1294 684 non
1325 645 1368 685 in
1399 649 1541 685 mente
1569 644 1764 686 habuisse

141 721 310 762 uberius
351 721 595 762 canonicam
628 720 862 761 doctrinam
895 734 1138 775 exponere,
1182 736 1306 776 quam
1338 722 1390 762 ad
1421 722 1638 778 physicam
1671 722 1765 765 doc-

140 799 292 840 trinam
325 798 619 854 exponendam
650 812 822 839 necesse
856 803 992 838 esset:
1040 798 1151 854 quod
1184 798 1283 839 dum
1314 799 1440 853 facit,
1473 800 1628 841 multas
1661 799 1764 841 diffi-

139 877 318 918 cultates
348 889 567 917 remanere
600 875 733 929 vidit,
767 889 873 931 quae
905 875 1010 916 libro
1044 875 1212 916 demum
1243 891 1385 917 rursus
1411 878 1597 932 perlecto
1619 878 1764 933 paucis

137 955 278 996 verbis
308 954 541 1007 indicavit,
574 958 620 994 ut
651 958 799 1009 postea
830 968 904 994 suo
936 954 1026 994 loco
1059 967 1129 994 eas
1160 954 1355 994 solveret.
1417 953 1453 994 E
1474 955 1619 995 multis
1641 968 1763 1010 porro

136 1033 302 1074 indiciis
346 1032 616 1073 manifestum
663 1038 754 1085 est,
802 1036 952 1087 poetae
996 1046 1098 1086 opus
1137 1046 1258 1072 suum
1289 1032 1525 1087 perlegenti
1555 1033 1690 1073 multa
1719 1033 1763 1073 in

135 1115 321 1151 mentem
363 1110 556 1163 venisse,
602 1123 708 1165 quae
741 1113 830 1150 arte
863 1123 958 1150 cum
990 1115 1078 1150 tota
1110 1109 1299 1150 doctrina
1331 1109 1607 1150 cohaererent
1637 1114 1763 1166 atque

136 1188 264 1229 etiam
310 1187 363 1229 ad
408 1188 582 1229 deorum
627 1191 788 1228 metum
835 1201 889 1228 ex
926 1188 1076 1228 animis
1109 1187 1409 1242 expellendum
1440 1187 1563 1228 utilia
1593 1193 1761 1242 essent,

133 1281 240 1323 quae
287 1271 430 1307 tamen
478 1266 778 1321 praeteriisset.
839 1265 959 1307 Haec
1007 1265 1158 1307 deinde
1190 1265 1351 1306 addidit
1382 1280 1520 1321 neque
1551 1266 1595 1306 in
1627 1270 1761 1308 totum

133 1358 237 1399 opus
268 1344 329 1385 ita
360 1344 566 1397 intexuit,
598 1347 645 1385 ut
677 1344 796 1399 quasi
827 1358 922 1385 cum
954 1357 1003 1385 eo
1035 1343 1331 1385 coalescerent.
1376 1343 1632 1386 Huiusmodi
1665 1349 1762 1386 sunt

132 1435 192 1463 vs.
226 1423 453 1462 822—876
474 1421 518 1475 2).

189 1499 259 1540 Ex
300 1500 375 1552 iis,
423 1513 530 1555 quae
562 1499 850 1555 praecedunt,
897 1499 1048 1554 cuique
1079 1499 1242 1554 patebit
1274 1512 1329 1540 ex
1362 1498 1537 1554 Epicuri
1571 1499 1764 1550 doctrina

131 1592 277 1620 causas
324 1578 470 1619 finales
517 1592 624 1633 quae
669 1577 866 1619 dicuntur
898 1577 941 1618 in
972 1577 1168 1618 universo
1201 1591 1284 1617 non
1316 1591 1434 1618 esse:
1481 1577 1622 1618 omnia
1652 1591 1760 1633 quae

133 1660 229 1697 sunt
261 1671 360 1697 casu
391 1655 572 1712 quodam
605 1660 647 1696 et
677 1655 848 1696 fortuito
880 1655 989 1696 facta
1021 1659 1129 1696 sunt.
1195 1654 1313 1695 Nihil
1344 1659 1486 1696 autem
1520 1660 1583 1696 est
1613 1655 1655 1696 in
1677 1669 1758 1711 quo

130 1735 246 1790 prius
293 1734 420 1775 finem
467 1734 677 1790 quendam
726 1734 965 1789 expetitum
996 1747 1086 1774 esse
1119 1733 1290 1774 credere
1322 1733 1528 1788 possimus
1559 1747 1684 1789 quam
1715 1733 1759 1774 in

130 1813 321 1854 sensibus
354 1817 396 1853 et
426 1812 627 1853 membris
658 1812 841 1864 nostris,
874 1825 1002 1867 quare
1036 1811 1165 1852 Stoici
1197 1811 1395 1853 diebant:
1448 1810 1578 1863 „nihil
1608 1811 1758 1852 horum

129 1904 219 1932 esse
251 1890 471 1932 fortuitum
504 1895 546 1931 et
576 1889 683 1931 haec
715 1890 855 1931 omnia
887 1903 976 1930 esse
1009 1903 1137 1945 opera
1167 1889 1367 1944 providae
1399 1889 1662 1945 sollertisque
1688 1903 1758 1931 na-

127 1966 348 2021 tu1·ae''³)‚
381 1972 423 2009 et
459 1967 701 2021 „hominum
732 1982 858 2009 causa
888 1967 1044 2008 factum
1077 1981 1166 2008 esse
1198 1966 1402 2009 mundum
1425 1980 1616 2022 quaeque
1639 1967 1683 2008 in
1707 1980 1756 2008 eo

129 2046 211 2088 sint
258 2047 491 2100 omnia''4).
554 2047 711 2088 Contra
757 2046 966 2102 Epicurus
989 2047 1018 2096 5)
1073 2059 1255 2101 eumque
1309 2059 1487 2101 sequens
1534 2045 1757 2087 Lucretius

128 2125 403 2167 ostenderunt
446 2125 594 2181 procul
641 2139 732 2167 esse
783 2129 855 2178 „ut
897 2124 1067 2166 credere
1118 2125 1251 2180 possis
1291 2126 1451 2176 (sensus
1482 2128 1525 2165 et
1553 2124 1756 2177 membra)

127 2204 322 2245 utilitatis
364 2203 416 2245 ob
458 2203 641 2246 officium
677 2204 864 2259 potuisse
897 2203 1072 2245 creari''.
1134 2202 1398 2258 Principium
1430 2216 1575 2243 eorum
1606 2202 1756 2244 doctri-

172 2376 196 2417 ¹)
243 2376 283 2408 D.
309 2376 346 2408 L.
374 2376 414 2407 X.
440 2378 480 2407 62
515 2379 559 2410 τὸ
590 2376 884 2418 θεωρούμενον
917 2378 964 2416 τῷ
993 2376 1093 2408 κατ’
1128 2376 1334 2416 ἐπιβολὴν
1366 2375 1674 2418 λαμβανομὲνῳ
1706 2379 1754 2419 τῇ

128 2438 302 2482 διανοίᾳ
341 2439 535 2480 opponitur:
572 2442 748 2481 utrumque
783 2450 908 2481 semper
941 2443 989 2471 est
1025 2449 1156 2478 verum,
1192 2439 1345 2481 quoniam
1368 2439 1421 2471 vel
1444 2439 1485 2470 ad
1507 2438 1680 2470 simulacra
1701 2437 1755 2470 vel

128 2503 169 2534 ad
196 2502 444 2544 anticipationes
466 2503 671 2534 referendum
705 2506 763 2534 est.

171 2565 197 2607 2)
247 2565 296 2597 Cf.
336 2565 469 2597 Lachm.
509 2565 680 2597 Praeterea
715 2565 833 2596 lacuna
870 2568 919 2596 est
952 2568 1023 2605 post
1047 2575 1094 2596 vs.
1120 2567 1179 2596 821
1205 2565 1246 2596 cs.
1271 2565 1314 2596 D.
1339 2564 1376 2597 L.
1400 2564 1445 2596 X.
1469 2566 1519 2596 51.
1546 2563 1753 2603 Steinhardt,

127 2627 161 2659 in
185 2628 299 2660 Ersch.
325 2632 357 2659 et
381 2628 481 2660 Grub.
507 2628 567 2659 sub
591 2638 668 2659 voce
693 2629 861 2667 Epicurus.
893 2627 1075 2666 Susemihl,
1108 2627 1216 2660 Philol
1251 2627 1437 2667 XXXIII,
1460 2638 1534 2670 pag.
1553 2630 1614 2659 443
1638 2637 1752 2660 versus

128 2692 173 2724 sic
196 2691 341 2723 ordinat:
372 2693 584 2729 907—1036‚
609 2693 778 2723 858—906
793 2715 800 2729 ,
827 2693 1005 2724 822—857.

170 2754 197 2793 ³)
244 2753 310 2785 Cic.
345 2754 384 2785 de
413 2753 492 2785 Nat.
517 2753 614 2785 Deor.
640 2753 689 2785 II.
717 2754 788 2784 128.

170 2818 195 2858 4)
245 2817 311 2849 cic.
335 2817 356 2847 1.
382 2817 402 2850 1.
429 2819 499 2848 133.

169 2880 195 2919 ⁵)
244 2880 284 2910 D.
317 2880 354 2911 L.
390 2880 431 2912 X.
463 2881 520 2918 75,
562 2881 611 2912 76.
645 2879 834 2911 Lucretium
868 2889 943 2910 eum
976 2879 1017 2910 ad
1047 2878 1191 2910 litteram
1222 2882 1370 2910 secutum
1405 2888 1474 2910 esse
1497 2877 1607 2909 videre
1629 2876 1708 2908 lieet
1732 2885 1751 2909 θ

127 2942 292 2975 Lactantii
322 2943 361 2974 de
385 2942 472 2983 Opis.
497 2953 566 2983 cap.
589 2945 618 2973 6.
642 2942 752 2981 „Quid
774 2941 821 2974 ais
844 2941 1016 2983 Epicure?
1040 2941 1075 2974 Si
1097 2953 1163 2974 non
1186 2945 1263 2974 sunt
1285 2943 1326 2974 ad.
1348 2941 1525 2974 videndum
1548 2939 1636 2972 oculi
1657 2939 1747 2981 nati,

127 3015 184 3036 cur
206 3005 308 3046 igitur
331 3004 468 3036 vident?
514 3005 650 3043 Postea,
674 3004 803 3046 inquit,
827 3015 907 3036 usus
930 3015 1039 3037 eorum
1064 3004 1249 3046 apparuiffl-
