1894 3235
871 131 922 171 41

97 267 245 308 cadere
276 266 489 321 explicare
521 265 744 316 debuerat,
777 269 823 304 ut-
853 264 943 318 ipse
975 263 1183 319 Epicurus
1214 262 1312 303 fecit
1336 260 1382 314 3).
1443 261 1537 301 Hoc
1570 264 1711 300 tamen

97 344 456 400 praetermittens,
511 343 563 384 ad
609 348 769 383 atomos
815 342 1001 382 revertit.
1062 341 1225 381 Natura
1271 339 1376 380 nihil
1426 351 1610 393 unquam
1660 336 1712 377 ad

98 421 339 476 exemplum
379 420 586 476 quoddam
633 419 730 459 facit
776 427 817 458 et
863 418 969 459 hanc
1011 418 1062 459 ob
1096 432 1184 458 rem
1214 430 1429 471 nunquam
1460 415 1584 470 plane
1617 418 1712 454 sunt

97 499 270 551 similia,
316 512 422 554 quae
468 497 519 538 ab
567 510 617 537 ea
657 505 850 537 creantur
874 498 924 549 ¹):
972 510 1057 536 non
1097 496 1249 536 mirum
1293 499 1356 535 est
1388 506 1489 547 ergo
1521 501 1712 543 atomos,

98 590 203 632 quae
258 575 445 616 infinitae
494 575 576 615 sint
620 587 822 626 numero,
875 573 1007 614 forma
1052 573 1162 613 inter
1209 586 1251 613 se
1301 571 1466 611 differre
1487 571 1534 623 2).
1597 569 1714 609 Inter

98 654 236 695 omnia
275 653 471 694 animalia
515 666 728 706 nunquam
760 665 834 706 par
865 651 1082 702 invenies,
1131 649 1241 705 quod
1272 649 1396 704 plane
1429 648 1481 688 sit
1513 646 1647 687 simile
1669 647 1712 698 3).

98 731 166 772 Sic
197 735 368 771 aeterna
399 735 461 771 est
491 730 674 770 varietas
705 729 748 769 in
781 729 996 781 omnibus,
1040 742 1145 783 quae
1177 732 1329 768 natura
1361 725 1541 777 creavit,
1575 738 1647 765 cur
1669 724 1713 763 in

97 810 245 850 atomis
274 823 358 850 non
389 809 529 848 esset?

153 887 289 927 Multa
333 890 550 941 praeterea
591 884 882 939 phaenomena
928 888 1018 923 tum
1065 882 1199 922 solum
1241 880 1445 935 explic-ari
1476 882 1649 934 possunt
1681 878 1715 918 si

97 968 256 1005 atomos
295 963 447 1004 multas
486 963 642 1003 habere
673 962 825 1002 formas
875 960 1109 1001 statuimus.
1172 959 1375 1010 Fulmen,
1409 957 1592 1011 exempli
1624 969 1715 1010 gra-

97 1041 182 1094 tia,
214 1045 300 1081 tam
332 1041 467 1081 celere
500 1045 562 1081 est
595 1041 692 1095 quia
723 1044 883 1080 constat
915 1052 937 1078 e
968 1037 1199 1077 minoribus
1231 1041 1272 1076 et
1309 1034 1536 1076 levioribus
1567 1033 1716 1074 atomis

97 1255 165 1276 esse
189 1245 230 1276 ad
251 1255 356 1275 unum
380 1248 412 1275 et
434 1243 520 1275 idem
543 1254 678 1284 corpus:
713 1253 823 1274 eorum
857 1241 959 1283 igitur
991 1241 1111 1272 refellit
1134 1240 1338 1281 opinionem,
1363 1237 1419 1280 qui
1442 1237 1626 1269 absolutum
1649 1247 1717 1268 esse

98 1318 195 1349 supra
218 1312 250 1339 et
272 1307 360 1338 infra
383 1311 503 1348 negant
516 1331 523 1344 ‚
549 1310 580 1337 et
597 1305 653 1347 qui
670 1305 855 1342 ἀντίποδας
873 1315 942 1336 esse
956 1305 1108 1335 credunt:
1134 1303 1217 1334 hanc
1234 1303 1273 1334 ob
1290 1312 1419 1333 eausam
1437 1302 1474 1332 de
1492 1302 1539 1341 τῷ
1557 1299 1716 1331 ὑποκάτω

98 1371 166 1403 solo
189 1371 336 1412 loquitur
357 1380 462 1411 neque
486 1371 524 1401 de
549 1371 596 1411 τῷ
618 1370 716 1405 limo)-
740 1369 816 1399 ὥστ’
843 1369 913 1399 ἔστι
937 1369 1016 1408 μίαν
1041 1367 1161 1407 λαβεῖν
1185 1368 1291 1408 ‹pond-1¹
1308 1367 1370 1403 τήν
1386 1366 1454 1396 ἂνω
1472 1363 1657 1404 νοουμένην
1673 1362 1717 1398 εἰς

98 1436 255 1475 ἄπειρον,
283 1435 336 1464 καὶ
359 1436 442 1474 μίαν
469 1434 532 1471 τήν
557 1434 657 1468 κάτω,
684 1433 726 1464 ἂν
752 1434 804 1463 καὶ
831 1433 986 1471 μυριάκις
1010 1431 1063 1461 ἐπὶ
1089 1428 1293 1467 (conveniens
1310 1439 1383 1459 cum
1401 1428 1454 1458 ἐπὶ
1472 1428 1537 1464 τὴν
1555 1426 1715 1467 κεφαλήν)

99 1499 177 1535 τοὺς
211 1497 318 1533 πόδας
352 1500 419 1528 τῶν
442 1496 557 1527 ἐπάνω
584 1498 622 1528 τὸ
646 1497 724 1535 παρ’
754 1494 844 1535 ν’·μῶν
869 1494 1047 1535 φερόμενον
1070 1495 1153 1530 πρὸς
1179 1492 1275 1533 (quod
1298 1491 1450 1522 convenit
1474 1500 1548 1520 cum
1571 1491 1660 1520 κάτω
1683 1488 1719 1518 in

98 1563 253 1600 sequente
283 1557 452 1594 sententia)
478 1558 557 1594 τοὺς
585 1558 668 1598 ὑπὲρ
703 1558 848 1598 κεφαΧῆς
883 1557 974 1596 ἡμῶν
1003 1559 1129 1592 τόπους
1153 1556 1332 1595 ἀφικνῆται
1358 1555 1377 1591 ἦ
1402 1554 1455 1584 ἐπὶ
1481 1555 1545 1590 τὴν
1570 1553 1718 1593 κεφαλὴν

100 1626 168 1654 τῶν
193 1621 351 1653 ὑποκάτω
375 1625 412 1654 τὸ
436 1623 514 1661 παρ’
537 1621 628 1661 ἡμῶν
653 1622 742 1651 κάτω
767 1620 954 1661 φερόμενον.
1001 1618 1038 1649 'H
1064 1620 1126 1660 γὰρ
1151 1619 1215 1656 ὅλη
1240 1619 1323 1659 φορὰ
1347 1616 1443 1648 οὐδὲν
1460 1615 1563 1654 ἧττον
1580 1616 1718 1655 ἑκατέρα

99 1685 240 1727 ἑκατέρᾳ
271 1685 479 1723 ἀντικειμένη
503 1684 553 1715 ἐπ’
579 1685 720 1724 ἄπειρον
743 1686 877 1714 νοεῖται.
924 1682 951 1713 Ε
975 1692 1034 1713 sua
1064 1685 1171 1712 mente
1194 1684 1279 1711 recte
1302 1679 1424 1710 iudicat
1447 1678 1619 1719 Epicurus.
1666 1678 1718 1709 Ex

98 1747 188 1779 hisce
224 1747 333 1779 verbis
368 1750 479 1788 patet,
515 1747 601 1788 quod
623 1746 720 1778 etiam
743 1746 778 1777 in
801 1746 897 1777 Lucr.
923 1746 939 1777 Ι
966 1746 1046 1776 1059
1070 1744 1209 1785 legitur,
1234 1753 1308 1774 eum
1331 1742 1499 1783 vulgarem
1523 1742 1719 1773 Graecorum

99 1809 284 1851 opinionem
305 1814 453 1841 secutum
475 1820 562 1847 esse,
586 1808 643 1850 qui
665 1809 851 1846 ἀντίποδας
873 1818 942 1839 esse
963 1806 1148 1847 negabant,
1172 1805 1234 1837 etsi
1248 1808 1413 1845 praeterea
1432 1805 1470 1835 de
1487 1803 1601 1834 mundi
1615 1803 1719 1835 forma

99 1872 184 1904 nihil
217 1872 342 1904 statuit.
388 1874 472 1909 Τοὺς
508 1871 664 1904 ὑποκάτω
686 1882 752 1903 non
783 1881 852 1902 esse
883 1870 1070 1907 ἀντίποδας
1092 1872 1183 1909 patet
1205 1879 1245 1899 ex
1268 1878 1306 1899 eo
1328 1867 1414 1908 quod
1437 1866 1534 1904 dicit,
1556 1865 1677 1897 lineam
1699 1876 1719 1896 a

100 1935 196 1968 nobis
218 1936 368 1967 deorsum
391 1935 546 1966 directam
569 1945 681 1966 eorum
704 1933 811 1974 capita
835 1934 914 1974 (non
936 1933 1044 1973 pedes)
1070 1931 1230 1972 attingere
1253 1935 1285 1962 et
1306 1930 1425 1961 lineam
1449 1940 1468 1960 a
1491 1929 1594 1970 capite
1609 1933 1719 1960 nostro

102 2009 231 2030 sursum
253 2002 435 2039 protentam
458 1998 498 2028 ad
521 2002 587 2029 τῶν
610 1998 723 2029 ἐπάνω
747 1997 844 2037 pedes
869 2000 945 2034 (non
968 1995 1086 2036 capita)
1112 1993 1292 2035 pervenire.
1338 1992 1432 2024 Unde
1456 1991 1603 2033 sequitur
1617 1991 1720 2022 lineas

104 2073 233 2094 sursum
254 2065 419 2102 protentus
443 2060 592 2092 omnibus
615 2060 806 2091 universum
828 2058 1047 2090 incolentibus
1070 2057 1323 2098 παραλλήλους
1347 2066 1415 2087 esse
1431 2059 1464 2087 et
1479 2054 1642 2096 oppositas
1658 2053 1719 2092 iis,

102 2135 185 2166 quae
208 2125 248 2155 ad
269 2125 366 2165 pedes
389 2123 529 2155 directae
552 2127 638 2154 sunt.

147 2187 168 2224 ¹)
215 2187 307 2219 Idem
344 2186 540 2227 principium
573 2187 615 2217 D.
652 2186 689 2217 L.
726 2186 759 2216 X
794 2187 843 2218 74.
882 2185 963 2216 Cum
987 2194 1035 2215 vs.
1061 2183 1099 2214 ΙΙ
1124 2184 1184 2216 377
1209 2193 1296 2224 seqq.
1321 2187 1353 2213 et
1378 2184 1437 2212 342
1463 2192 1550 2222 seqq.
1576 2181 1616 2212 cf.
1640 2180 1720 2211 haec

103 2249 221 2281 verba:
261 2249 443 2290 „Predigen
479 2260 541 2280 uns
577 2248 670 2279 nicht
703 2248 765 2279 alle
789 2258 914 2277 neum-en
931 2247 968 2286 (ἓ)
1014 2245 1337 2286 ΠΗῒθι-ειιῡὴιιῑιὲθη,,
1353 2245 1426 2275 dass
1449 2244 1512 2275 alle
1528 2244 1718 2283 pleysa-chen

103 2313 276 2343 Merkmace
310 2322 443 2353 grossen
479 2311 754 2352 Schwankungen
791 2313 976 2351 ausgesetzt
1022 2309 1112 2347 sind,
1152 2309 1224 2340 dass
1262 2308 1445 2348 uberhaupt
1481 2307 1533 2338 die
1569 2307 1720 2338 belebten

106 2374 286 2415 Gesch'opfe
319 2376 406 2405 nicht
438 2375 518 2405 nach>
549 2379 671 2404 slat-ren
703 2374 871 2409 Urformen
895 2373 962 2402 siclt
984 2372 1187 2409 entecz‘ckeln,
1212 2372 1351 2403 sondern
1373 2370 1563 2411 bestiindige
1589 2369 1717 2401 Umbil-

105 2438 236 2478 dungen
258 2437 423 2469 erleiden?
470 2438 570 2468 Ost-ar
595 2436 749 2475 Pesehel‚
774 2435 928 2467 Volkerk.
954 2437 992 2466 3e
1014 2435 1101 2466 Aufl.
1125 2445 1200 2475 pag.
1225 2436 1276 2465 61.

148 2499 173 2537 2)
218 2500 260 2531 D.
283 2501 320 2531 L.
344 2500 379 2531 X
401 2503 441 2532 42
458 2502 499 2533 τὰ
514 2502 622 2540 ἄτομα
641 2503 708 2532 τῶν
725 2501 889 2539 σώματων
905 2517 946 2521 -
959 2516 1001 2520 -
1018 2516 1059 2520 —-
1078 2517 1113 2521 -
1132 2497 1352 2539 ἀτερὶληπτά
1365 2497 1436 2529 ἐστι
1453 2499 1528 2534 ταῖς
1545 2496 1718 2538 διαφοραῖς

107 2567 174 2595 τῶν
197 2563 392 2605 σχημάτων.

148 2626 173 2665 ³)
220 2625 325 2656 Versu
358 2627 419 2655 342
443 2624 520 2656 Cod.
544 2624 635 2656 Leid.
660 2625 689 2655 A
711 2624 866 2664 praebet:
898 2628 1058 2662 praeterea
1082 2633 1156 2654 cum
1178 2626 1289 2654 tamen
1311 2632 1344 2652 ea
1368 2632 1387 2652 a
1409 2631 1509 2652 manu
1531 2620 1719 2652 correctrice

106 2688 263 2728 scriptum
285 2698 353 2719 esse
376 2687 533 2718 videatur.
559 2687 732 2727 Perspicue
756 2686 888 2718 Lachm.
908 2685 1049 2718 ostendit
1063 2690 1223 2725 praetcrea
1237 2695 1349 2716 sanam
1365 2695 1430 2715 non
1447 2694 1515 2715 esse
1523 2683 1716 2715 lectionem:

106 2750 258 2791 proponit
280 2754 388 2781 autem
406 2752 609 2789 parturiunt,
633 2750 719 2790 quod
741 2749 876 2789 probare
898 2759 965 2780 non
986 2759 1139 2789 possum,
1164 2747 1262 2779 etiam
1278 2746 1355 2788 quja
1370 2747 1408 2777 de
1425 2746 1514 2787 prole
1529 2745 1721 2777 animalium

107 2813 160 2844 hic
193 2823 296 2845 sermo
329 2823 394 2844 non
427 2816 476 2843 est
507 2814 563 2843 sed
595 2823 693 2843 versu
726 2813 786 2843 349
821 2812 961 2843 demum.
1008 2811 1167 2842 Munrous
1190 2810 1270 2850 legit
1287 2814 1489 2848 praetereat,
1513 2809 1599 2850 quod
1621 2807 1720 2840 etiam

107 2876 215 2908 minus
244 2876 360 2917 placet.
407 2876 554 2915 Propono
590 2876 725 2906 verbum
744 2877 908 2913 perlustra
932 2874 1099 2915 legamus,
1125 2874 1212 2914 quod
1235 2883 1309 2903 cum
1331 2872 1493 2903 sententia
1515 2871 1667 2903 convenit
1690 2875 1722 2903 et

108 2938 218 2970 versui
250 2940 310 2971 347
343 2938 535 2978 respondet,
569 2942 639 2968 tum
669 2938 760 2978 lege:
798 2942 974 2977 matasqzce,
999 2938 1152 2978 ferasque
1168 2959 1176 2974 ‚
1214 2937 1340 2973 varias,
1373 2936 1482 2965 horum
1515 2938 1723 2976 (quamquam

109 3012 239 3041 quornm
263 3000 359 3032 etiam
383 3000 505 3032 servari
526 3003 653 3040 potest).
