1921 3235
604 632 1298 695 EPILOGUS.

198 1151 338 1192 Aliter
377 1150 655 1206 philosophus
702 1165 768 1192 res
814 1151 1147 1206 contemplatur,
1195 1150 1317 1192 aliter
1358 1155 1493 1206 poeta.
1554 1150 1632 1192 Ille
1664 1154 1761 1192 ante

143 1230 283 1271 omnia
312 1229 535 1270 veritatem
566 1229 861 1284 inquirendam
893 1233 1040 1284 putat,
1074 1228 1141 1270 hic
1173 1233 1314 1270 autem
1346 1243 1453 1285 quae
1484 1229 1621 1284 ipsum
1653 1242 1762 1270 eom-

139 1311 316 1360 movent
355 1307 479 1348 canit.
542 1307 621 1348 Ille
652 1307 796 1348 multis
828 1307 1131 1362 experimentis
1162 1306 1360 1347 adhibitis
1391 1307 1511 1347 iustis
1542 1306 1762 1348 ratiocina-

140 1386 324 1427 tionibus
354 1399 495 1426 rerum
527 1389 722 1426 naturam
754 1399 1006 1439 cognoscere
1039 1385 1175 1440 eupit:
1211 1385 1350 1425 omnia
1381 1384 1569 1425 dissolvit
1599 1388 1646 1425 ut
1676 1398 1762 1425 mo-

140 1464 239 1504 dum
270 1477 351 1519 quo
373 1462 626 1504 cohaereant
647 1477 713 1503 res
734 1463 894 1516 videat,
918 1463 1124 1518 quomodo
1147 1467 1331 1503 mentem
1355 1477 1472 1503 suam
1495 1476 1560 1503 res
1578 1460 1762 1502 afficiant

138 1556 222 1582 non
269 1541 455 1597 quaerit,
503 1540 577 1581 sed
624 1541 889 1596 potissimum
920 1541 1175 1595 investigare
1208 1540 1375 1594 studet,
1408 1540 1552 1596 quales
1583 1540 1666 1580 sint
1696 1553 1762 1580 res

139 1633 215 1674 per
261 1632 317 1659 se.
379 1619 515 1659 Poeta
546 1623 687 1659 autem
719 1618 864 1659 mundi
896 1619 1125 1673 imaginem
1158 1618 1378 1671 describit,
1423 1618 1589 1673 qualem
1619 1620 1761 1658 mente

140 1711 216 1738 sua
261 1697 480 1752 percepit,
529 1697 646 1752 quasi
689 1697 846 1737 intuitu
892 1697 1031 1737 onmia
1062 1711 1144 1737 uno
1177 1702 1364 1751 tempore
1396 1696 1634 1751 perlustrat.
1694 1695 1762 1736 In-

140 1775 388 1829 tellegentia
420 1775 461 1814 in
495 1774 770 1829 philosopho,
803 1788 948 1815 sensus
979 1774 1023 1814 in
1054 1780 1179 1829 poeta
1211 1774 1458 1814 dominatur.
1501 1773 1604 1814 Inde
1636 1773 1760 1814 aliam

141 1853 348 1894 rationem
395 1853 438 1893 in
485 1853 610 1893 rebus
653 1852 882 1893 scribendis
924 1851 1198 1908 philosophus
1239 1852 1427 1907 sequitur
1468 1865 1590 1906 quam
1622 1854 1758 1906 poeta.

140 1930 248 1984 Ille,
297 1945 391 1971 cum
431 1930 568 1984 logica
613 1934 702 1971 arte
751 1930 947 1983 ducatur,
993 1930 1132 1970 miuus
1174 1934 1236 1970 est
1267 1929 1373 1969 liber
1402 1929 1446 1969 in
1476 1929 1600 1969 rebus
1633 1942 1760 1984 expo—

141 2008 312 2049 nendis:
345 2008 424 2049 hae
456 2008 572 2063 ipsae
606 2008 643 2048 ci
675 2008 787 2049 viam
819 2008 936 2063 quasi
967 2008 1271 2063 praescribunt.
1303 2008 1460 2048 Poetae
1483 2011 1760 2059 autem,eu1n

140 2085 402 2127 audientium
435 2085 594 2126 animos
617 2099 878 2126 commovere
896 2086 1029 2141 iisque
1048 2086 1298 2141 persuadere
1316 2085 1573 2140 propositum
1592 2084 1758 2138 habeat,

139 2178 206 2205 res
239 2164 297 2205 sio
328 2164 427 2204 licet
460 2163 677 2216 ordinare,
710 2169 755 2204 ut
787 2178 911 2219 quam
934 2163 1148 2219 aptissime
1170 2163 1376 2217 attingat,
1410 2162 1519 2218 quod
1541 2162 1619 2203 sibi
1649 2175 1786 2204 asse-⁷

137 2241 350 2297 quendum
381 2241 586 2282 statuerit.
647 2241 697 2282 Id
728 2246 868 2282 tamen
902 2242 1098 2282 convenit
1130 2241 1244 2281 inter
1284 2245 1532 2296 utrumque,
1566 2239 1674 2295 quod
1707 2239 1758 2280 ob

138 2319 305 2374 singula
350 2323 484 2360 totum
524 2333 608 2360 non
653 2320 911 2374 neglegunt,
965 2319 1037 2360 sed
1084 2323 1336 2374 perpetuum
1386 2332 1525 2358 rerum
1566 2318 1676 2358 inter
1714 2330 1758 2358 se

138 2397 354 2439 vinculum
400 2401 541 2438 mente
582 2401 751 2450 tenent,
794 2396 904 2452 quod
940 2397 1064 2437 unius
1096 2395 1222 2437 horae
1256 2400 1366 2437 statu
1397 2410 1480 2436 non
1512 2396 1757 2451 capiuntur,

139 2475 213 2517 sed
242 2488 348 2531 quae
381 2474 532 2516 durant
564 2478 606 2515 et
637 2474 802 2515 stabilia
834 2478 930 2515 sunt
952 2474 1300 2529 contemplantur.
1335 2474 1426 2521 Quo
1448 2473 1603 2514 factum
1626 2477 1689 2514 est
1710 2476 1758 2514 ut

139 2552 321 2608 antiquis
352 2552 611 2607 temporibus
642 2550 882 2607 philosophi
915 2555 1055 2592 essent
1085 2556 1235 2606 poetae
1268 2555 1310 2592 et
1331 2555 1481 2606 poetae
1503 2549 1754 2606 philosophi.

139 2630 305 2672 Deinde
353 2634 495 2671 tamen
541 2644 635 2671 eum
679 2629 864 2675 Socratis
905 2633 947 2670 et
978 2628 1259 2684 sophistarum
1292 2628 1509 2669 dialectica
1539 2642 1604 2669 ars
1634 2627 1756 2669 intel-

136 2708 367 2763 legentiam
416 2707 683 2761 exacuisset,
725 2721 820 2748 eum
866 2707 973 2748 alter
1004 2707 1177 2748 alterius
1210 2707 1398 2748 doctrina
1430 2705 1574 2747 doetus
1606 2719 1753 2761 quaes-

137 2786 300 2828 tionum
332 2785 627 2827 solvendarum
661 2785 823 2840 copiam
855 2785 1070 2838 auxisset,
1102 2783 1368 2840 philosophia
1399 2788 1441 2825 et
1471 2783 1609 2839 poesis
1629 2783 1755 2838 plane

137 2864 432 2906 discesserunt.
494 2863 563 2904 Ex
603 2863 875 2919 inquisitione
906 2866 1050 2903 nostra
1079 2861 1158 2903 hoc
1189 2861 1358 2918 quidem
1390 2860 1585 2916 apparuit
1602 2860 1756 2901 Lucre-

138 2941 244 2982 tium
291 2941 335 2981 in
382 2940 646 2996 philosophia
691 2940 797 2981 nihil
842 2941 1124 2996 praestitisse,
1176 2953 1257 2995 quo
1307 2939 1372 2980 sui
1423 2939 1524 2979 iuris
1574 2937 1754 2994 philoso-

137 3018 246 3074 phus
293 3018 374 3060 dici
415 3023 569 3074 queat,
615 3018 683 3060 vel
732 3019 846 3074 „ipso
887 3019 1089 3072 magistro
1131 3017 1359 3073 discipulus
1396 3016 1528 3058 maior
1559 3020 1602 3056 et
1629 3015 1753 3057 laude
