1894 3235
848 135 901 176 95

74 271 135 327 pli
184 271 346 325 gratia,
399 274 495 311 sunt
540 283 684 310 eorum
730 269 979 321 simulacra,
1040 281 1240 323 „quorum
1275 270 1409 307 morte
1455 265 1568 306 obita
1614 265 1690 305 tel-

74 348 140 388 lus
179 347 446 402 amplectitur
485 346 632 399 ossa”;
679 345 796 386 tertii
843 345 1148 386 Centaurorum
1193 348 1235 384 et
1277 342 1512 397 Scyllarum
1545 341 1688 396 imagi-

74 438 178 466 nes:
221 423 302 465 hae
345 428 580 479 postremae
622 422 757 463 factae
799 427 895 463 sunt
934 436 956 463 e
987 422 1176 477 partibus
1212 421 1397 476 plurium
1431 420 1687 474 imaginum,

76 516 182 558 quae
226 506 397 557 propter
442 514 560 541 suam
605 500 855 540 tenuitatem
901 499 1022 540 facile
1058 499 1168 540 inter
1212 512 1255 539 se
1300 498 1544 552 iunguntur.
1608 496 1691 538 Sed

80 580 221 633 „nulla
254 579 333 619 fuit
364 579 562 634 quoniam
592 577 689 618 talis
719 582 869 619 natura
899 577 1116 618 animalis’'
1151 576 1316 617 criterio
1338 575 1459 616 nobis
1478 589 1582 630 opus
1602 578 1688 627 est,

75 662 123 698 ut
152 657 197 697 in
226 656 277 696 iis
309 669 472 711 quoque
503 655 727 696 veritatem
759 655 811 696 ab
842 655 957 695 inani
989 659 1030 695 et
1061 654 1164 695 falso
1196 667 1473 694 secernamus.
1534 652 1693 693 Lucre-

77 734 160 774 tius
189 733 268 774 hoc
299 733 515 774 criterium
546 732 590 772 in
621 732 811 773 sensibus
843 736 885 772 et
915 736 972 787 τιῤ
1007 731 1297 784 „meminisse”
1333 731 1499 786 (μνήμῃ)
1531 730 1692 784 posuit:

81 811 183 864 „hoc
218 811 312 852 ideo
357 811 448 851 fieri
480 810 592 864 cogit
621 814 798 863 natura,
845 809 956 864 quod
988 823 1130 850 omnes
1162 809 1344 863 corporis
1376 808 1514 848 offecti
1546 821 1692 848 sensus

76 903 152 944 per
181 889 370 930 membra
400 888 619 944 quiescunt
650 901 727 928 1100
758 891 932 942 possunt
964 887 1114 928 falsum
1144 886 1254 927 10115
1275 886 1520 926 convincere
1543 885 1694 937 rebus,

77 972 296 1023 praeterea
335 967 576 1007 meminisse
627 966 735 1007 iacet
773 966 1030 1020 languetque
1063 964 1237 1019 sopore'⁷
1258 965 1298 1017 ¹).
1362 963 1516 1004 Sensus
1546 962 1692 1018 procul

78 1045 204 1086 dubio
248 1045 317 1086 hic
360 1045 595 1099 significare
642 1044 766 1084 debet
807 1043 1050 1084 facultatem
1093 1041 1300 1083 sentiendi
1331 1046 1373 1082 et
1405 1040 1695 1094 discernendi,

81 1137 180 1177 ergo
221 1123 408 1164 animum
448 1122 535 1162 5110
572 1121 790 1162 rationem.
853 1120 960 1161 Cum
990 1119 1200 1174 Epicurus
1232 1118 1377 1158 doceat
1413 1119 1506 1170 „Eciv
1537 1121 1609 1170 μὲν
1639 1119 1694 1170 μὴ

79 1203 385 1256 ἐπιμαρτυρηὲῑῇ
416 1200 439 1248 ἢ
472 1201 822 1255 ἀντιμαρτυρηὲ-ῇ,
855 1200 900 1239 τὸ
932 1196 1086 1252 ψεῦδος
1116 1199 1297 1252 γίνεται·
1331 1196 1400 1237 ἐὰν
1423 1194 1455 1237 δ’
1479 1197 1690 1250 ἐπιμαρτυ-

78 1281 188 1334 ρηθῇ
230 1278 252 1326 ἢ
298 1280 352 1331 μὴ
399 1279 753 1332 ἀντιμαρτυρηθῇ,
806 1278 852 1318 τὸ
896 1276 1077 1325 ἀληέῑές,
1131 1273 1399 1314 statuendum
1440 1272 1606 1313 Videtur
1650 1272 1695 1312 in

79 1355 285 1396 eiusmodi
316 1355 545 1395 simulacris
578 1367 741 1409 quoque
764 1354 976 1409 πρόληψιν
999 1351 1208 1407 quandam
1228 1351 1348 1391 nobis
1369 1350 1582 1391 criterium
1605 1363 1694 1390 esse

78 1433 268 1474 veritatis
299 1437 370 1474 aut
401 1433 604 1474 fallaciae.
667 1431 772 1472 Cum
804 1431 1120 1485 praenotionem
1141 1429 1328 1469 centauri
1352 1428 1537 1483 exempli
1560 1428 1695 1482 gratia

79 1512 123 1552 in
153 1511 292 1551 animo
324 1524 408 1550 non
438 1509 645 1562 habeam,
678 1507 878 1549 concludo
911 1507 1037 1547 etiam
1070 1506 1104 1546 si
1137 1505 1339 1546 eiusmodi
1370 1505 1561 1546 animalis
1592 1506 1694 1546 ima-

79 1589 221 1644 ginem
250 1588 401 1641 video,
433 1592 574 1629 tamen
604 1587 742 1641 ipsum
774 1585 928 1626 animal
958 1599 1041 1625 non
1073 1593 1252 1625 exstare.
1295 1584 1580 1638 Perspicuitas
1602 1583 1690 1623 5110

79 1668 266 1722 ἐνάργεια
308 1665 422 1706 111500
454 1664 685 1705 simulacris
717 1663 846 1703 deest.
908 1662 1061 1709 Quaeri
1092 1671 1229 1702 tamen
1260 1667 1398 1716 potest
1428 1675 1530 1701 num
1552 1661 1696 1701 crebro

79 1750 121 1785 et
166 1744 346 1799 repetito
392 1744 486 1784 11511
531 1742 719 1783 centauri
759 1741 981 1794 imaginis,
1029 1741 1117 1780 eius
1164 1739 1355 1780 animalis
1405 1740 1617 1794 πρόληψις
1652 1739 1695 1778 in

79 1822 217 1864 animo
265 1821 361 1862 oriri
407 1835 492 1861 non
538 1820 695 1875 possit,
743 1819 889 1859 eodem
930 1817 1052 1858 modo
1093 1822 1217 1872 atque
1263 1817 1369 1858 aliae
1403 1817 1693 1868 praenotiones

80 1900 279 1940 oriantur.
340 1898 539 1953 Epicurei
571 1902 734 1938 tantum
765 1896 1019 1950 respondent
1052 1894 1255 1935 eiusmodi
1287 1894 1506 1934 simulacra
1528 1907 1692 1948 semper

80 1976 277 2030 διάληψιν
318 1977 461 2032 ’έχουσι
500 1976 589 2017 xa&
623 1974 673 2023 ἣν
704 1976 750 2015 τὸ
783 1972 935 2028 ψεῦδος
968 1973 1202 2028 “slyer-015:
1250 1986 1349 2012 usus
1380 1972 1491 2012 Vitae
1524 1976 1566 2012 et
1599 1986 1693 2012 con-

79 2054 255 2095 suetudo
288 2068 386 2108 ergo
419 2054 505 2094 sola
537 2053 586 2093 cle
617 2053 795 2092 veritate
828 2060 869 2091 et
900 2051 1063 2091 fallacia
1095 2049 1322 2090 diiudicare
1354 2055 1527 2104 possunt
1558 2063 1693 2104 neque

80 2145 194 2172 error
214 2131 337 2185 plane
359 2135 497 2185 potest
520 2129 700 2170 excludi.
762 2127 1167 2181 Omnibus-deniqne
1189 2127 1404 2181 perpensis
1426 2126 1693 2181 perspicuum

80 2213 142 2248 est
173 2207 378 2263 quomodo
411 2207 592 2247 dubitari
613 2206 820 2261 potuerit,
852 2219 953 2245 num
974 2205 1051 2245 hoc
1075 2214 1269 2260 quartum
1291 2204 1504 2244 criterium
1526 2218 1571 2244 re
1595 2217 1695 2244 vera

80 2299 129 2326 eo
158 2286 326 2326 nomine
357 2284 656 2340 appellandum
688 2291 824 2324 esset:
872 2283 1217 2338 perspicuitatem
1247 2282 1503 2337 reliquorum
1536 2281 1694 2321 criteri-

80 2376 199 2403 orum
237 2376 321 2403 non
353 2363 486 2403 solum
517 2376 601 2402 non
631 2361 778 2414 habet,
821 2375 967 2401 verum
1000 2360 1125 2400 etiam
1158 2359 1239 2399 alio
1271 2359 1437 2399 criterio
1470 2372 1573 2413 opus
1605 2372 1694 2399 esse

79 2439 272 2492 videtur,
304 2453 384 2495 quo
415 2440 639 2480 veritatem
672 2444 714 2479 et
744 2438 951 2480 fallaciam
983 2451 1127 2478 earum
1159 2435 1376 2491 ἐπιβολῶν
1408 2439 1694 2491 φανταστικῶν

82 2517 310 2558 diiudicare
341 2517 560 2572 possimus.
622 2517 830 2572 Epicurus
871 2516 915 2556 in
945 2515 1192 2569 fragmentis
1223 2514 1342 2554 nobis
1372 2514 1530 2554 relictis
1559 2527 1695 2568 pauca

81 2595 132 2637 de
173 2596 224 2636 iis
265 2595 401 2649 dixit,
448 2609 529 2651 quo
560 2595 715 2636 factum
747 2599 835 2648 est,
866 2599 913 2634 ut
942 2594 1075 2634 multa
1105 2592 1224 2633 nobis
1257 2592 1339 2632 sint
1371 2591 1568 2644 obscura3
1614 2590 1694 2631 1100

79 2676 222 2714 tamen
253 2672 352 2713 satis
381 2676 499 2727 patet
530 2686 552 2713 e
583 2672 685 2713 locis
721 2685 846 2726 supra
876 2670 1079 2723 laudatis,
1122 2683 1218 2710 eum
1248 2668 1386 2724 ipsum
1417 2672 1464 2708 ut
1495 2670 1692 2723 quartum

126 2935 147 2973 ²)
191 2934 248 2967 Vs.
273 2935 335 2968 762
358 2944 445 2975 seqq.

124 2997 152 3040 ²)
197 2998 240 3029 D.
264 2998 302 3029 L.
326 2997 370 3028 X.
395 2999 446 3028 50.
