1894 3235
945 99 998 138 62

165 233 303 275 coetui
335 232 539 288 (corpori).
600 231 689 273 Vix
734 245 857 286 porro
904 231 1074 273 credere
1120 246 1290 287 possum
1322 231 1554 287 Epicurum
1595 231 1663 274 hic
1694 236 1780 274 tres

165 312 294 354 animi
325 316 465 367 partes
486 315 651 352 tantum
674 323 964 363 enumerasse,
998 324 1092 350 cum
1116 310 1362 362 Lueretius,
1385 309 1664 363 Plutarchus,
1687 309 1779 351 Sto-

163 389 293 431 baeus
324 393 521 445 quattuor
552 389 590 429 ei
621 387 820 428 tribuant.
853 387 978 428 Aeris
1000 388 1256 428 elementum
1285 387 1414 428 deest.
1456 388 1614 428 Aerem
1636 391 1778 428 autem

166 467 388 509 Lucretius
435 466 535 507 dicit
581 478 747 520 semper
792 479 887 505 cum
933 465 1069 506 calore
1101 470 1143 506 et
1173 478 1328 521 vapore
1360 465 1629 506 coniunctum
1660 478 1778 506 esse:

165 559 288 602 porro
333 545 479 599 negari
526 558 607 585 11011
638 548 777 599 potest
809 556 905 583 eum
937 543 1065 584 etiam
1096 546 1291 596 πνεύματι
1323 543 1410 584 sive
1442 556 1568 584 aurae
1600 543 1780 584 similem

166 638 269 665 esse.
331 623 396 664 De
442 623 580 663 animo
625 635 746 677 porro
793 621 864 677 qui
912 620 1022 662 dicet
1054 635 1150 662 eum
1181 621 1303 662 modo
1336 635 1463 662 aurae
1495 620 1618 662 modo
1651 620 1779 662 calori

165 702 344 742 Similem
377 702 688 756 (προσεμφερές)
721 700 846 740 esse?
907 699 1120 753 Legamus
1160 699 1315 753 igitur:
1365 701 1780 755 προσεμφερέστατον

164 778 205 822 δὲ
241 781 439 832 πνεύματι
475 781 628 833 θερμοῦ
675 796 765 819 τινα
812 780 958 831 κρᾶσιν
1004 777 1146 834 ’ἔχοντι
1188 781 1249 818 καὶ
1299 776 1420 832 ἀέρος
1453 784 1508 826 πῆ
1544 780 1618 829 μὲν
1648 779 1781 832 τούτῳ

161 859 476 912 προςεμφεροῦς
513 862 567 903 πῆ
601 852 634 896 δ’
657 856 807 909 ἐκείνῳ.
835 853 918 895 ἔστι
951 851 992 896 δέ
1021 873 1058 895 τι
1087 855 1211 908 μέρος
1243 873 1276 895 κ.
1298 873 1333 895 τ.
1355 853 1396 895 λ.

217 933 316 974 Noli
362 937 502 973 tamen
543 936 693 987 putare
739 931 814 972 has
861 935 1059 986 quattuor
1099 935 1240 986 partes
1285 930 1510 986 separatim
1552 930 1699 972 adesse
1737 930 1781 971 in

159 1024 359 1066 corpore:
407 1023 430 1051 e
477 1010 714 1063 contrario,
761 1009 922 1050 mixtae
970 1013 1114 1049 creant
1151 1023 1278 1049 unam
1309 1012 1530 1062 naturam,
1578 1012 1709 1064 κρᾶμα
1742 1011 1782 1051 ἐκ

159 1090 373 1145 τεσσάρων
411 1088 511 1129 dicit
555 1088 776 1143 Epicurus.
839 1091 995 1135 Quarta
1024 1087 1096 1128 illa
1126 1087 1214 1140 vis,
1247 1101 1353 1145 quae
1385 1102 1409 1129 a
1441 1102 1484 1128 se
1516 1087 1666 1128 ceteris
1699 1087 1779 1128 dis-

160 1166 309 1207 tribuit
345 1166 521 1219 „initum
551 1165 737 1219 motus”,
775 1166 966 1221 „penitus
996 1179 1187 1220 prorsum
1217 1165 1348 1206 latet’'
1381 1165 1424 1206 in
1442 1179 1643 1221 corpore,
1678 1179 1780 1218 „nec

161 1245 296 1299 magis
326 1244 405 1286 1100
436 1244 547 1285 intra
577 1244 802 1300 quicquam
834 1247 897 1284 est
928 1243 971 1283 in
1003 1257 1175 1298 corpore
1207 1242 1384 1285 nostro”
1421 1245 1554 1297 (274);
1597 1247 1660 1284 031
1690 1243 1782 1299 ipsa

157 1322 277 1378 quasi
323 1322 464 1363 anima
512 1322 640 1362 totius
687 1322 851 1362 animae
884 1325 926 1363 et
958 1320 1198 1362 dominatur
1228 1335 1400 1377 corpore
1432 1326 1533 1362 1010.
1595 1320 1781 1363 Graecus

157 1414 251 1442 eam
293 1399 510 1455 appellat:
554 1401 601 1442 τὸ
653 1401 916 1455 ἡγεμονικόν.
978 1399 1156 1440 Dolores
1196 1403 1238 1440 et
1278 1399 1391 1441 mala
1421 1398 1502 1440 huc
1533 1399 1661 1454 vulgo
1698 1413 1780 1440 non

156 1481 400 1533 penetrant,
437 1476 535 1530 „sed
566 1477 817 1532 plerumque
848 1477 894 1517 fit
926 1476 970 1517 in
1002 1490 1163 1517 summo
1195 1477 1313 1532 quasi
1346 1491 1517 1532 corpore
1548 1476 1642 1518 finis
1660 1476 1782 1518 111011-

157 1556 273 1597 1)113”
308 1557 440 1609 (254),
474 1554 547 1596 3οᾶ
589 1555 623 1596 31
653 1554 736 1596 11110
768 1558 1012 1610 penetrant,
1044 1569 1156 1596 mors
1188 1555 1331 1596 statim
1363 1555 1564 1611 sequitur.
1624 1555 1783 1596 Anima

157 1633 301 1688 igitur,
335 1646 442 1688 quae
473 1646 548 1688 per
580 1636 716 1673 10111111
752 1636 816 1672 031
848 1631 992 1672 dissita
1023 1646 1186 1688 corpus,
1210 1632 1422 1673 doloribus
1444 1632 1622 1673 afficitur
1644 1645 1781 1688 neque

159 1712 324 1753 animus
356 1711 444 1752 sive
476 1724 626 1763 mens,
679 1709 790 1766 quod
835 1709 1089 1751 Plutarchus
1121 1723 1285 1766 quoque
1316 1710 1471 1751 refert:
1532 1710 1782 1766 Ἐπίκουρος

160 1792 223 1831 καὶ
269 1790 317 1831 τὰ
361 1791 474 1837 πὰἓῒη
509 1794 571 1830 καὶ
604 1789 680 1835 τὰς
720 1790 932 1839 αἰσθήσεις
964 1790 1006 1830 ἐν
1037 1794 1125 1837 τοῖς
1157 1790 1391 1830 πεπονθόσι
1422 1789 1594 1839 τόποις·
1619 1789 1665 1830 τὸ
1698 1788 1780 1844 γὰρ

160 1867 409 1922 ἡγεμονικὸν
456 1867 615 1914 ἀπαθές
637 1866 675 1918 1).
736 1865 868 1906 Hisce
900 1869 1041 1906 autem
1072 1866 1210 1907 verbis
1243 1866 1480 1921 exprimere
1512 1865 1631 1907 nobis
1665 1865 1781 1906 vide-

162 1948 253 1998 tur,
287 1958 368 1985 non
400 1944 568 1985 0111111110
600 1943 786 1984 animum
818 1944 933 1984 nullo
964 1944 1140 1985 vulnere
1172 1944 1280 1986 affici
1312 1958 1460 2000 posse,
1500 1943 1573 1985 sed
1602 1943 1676 1984 illa
1705 1944 1780 1984 mi-

162 2038 264 2065 nora
294 2027 341 2064 ut
363 2023 423 2064 ita
445 2022 580 2064 dicam
611 2022 785 2064 vulnera
807 2026 849 2063 et
871 2022 1057 2076 dolores⁷
1079 2036 1185 2079 quae
1207 2037 1332 2078 saepe
1355 2023 1561 2078 patimur,
1592 2022 1778 2063 animum

161 2101 358 2142 intimum
404 2114 487 2141 non
533 2099 729 2153 laedere,
779 2100 853 2141 sed
899 2114 949 2141 ea
995 2114 1167 2155 corpore
1215 2105 1380 2141 tantum
1411 2105 1453 2141 et
1483 2100 1623 2141 anima
1653 2099 1697 2140 in
1729 2112 1778 2140 eo

162 2179 377 2235 dispersa,
410 2178 583 2219 sentiri:
617 2177 811 2234 quodque
842 2178 995 2219 vulnus
1025 2179 1164 2219 animo
1196 2178 1275 2234 ipsi
1307 2178 1394 2219 sive
1426 2178 1559 2219 menti
1591 2177 1778 2231 illatum,

161 2257 304 2298 statim
334 2261 513 2297 mortem
546 2255 672 2297 efficit
693 2258 737 2306 2).
773 2281 825 2285 ——
858 2257 989 2297 Porro
1021 2269 1076 2297 ex
1106 2255 1220 2297 hisce
1252 2256 1381 2297 animi
1404 2256 1623 2297 elementis
1646 2256 1779 2311 expli-

161 2339 310 2376 cantur
341 2334 506 2375 diversa
526 2333 744 2375 hominum
776 2338 817 2375 et
848 2335 1092 2375 animalium
1124 2334 1284 2376 indoles
1311 2339 1353 2376 et
1373 2349 1522 2388 mores,
1546 2348 1652 2390 quae
1676 2339 1779 2376 tem-

161 2416 408 2468 peramenta
437 2426 662 2465 vocamus,
695 2426 801 2467 quae
833 2425 933 2466 ergo
965 2412 1104 2453 omnia
1135 2412 1177 2452 in
1209 2426 1373 2468 quoque
1405 2411 1573 2453 homine
1605 2411 1778 2465 adsunt,

161 2490 235 2532 sed
265 2489 380 2532 aliud
410 2504 511 2545 prae
543 2490 625 2532 alio
656 2489 1008 2545 praeponderans.
1071 2489 1195 2532 Calor
1226 2504 1353 2532 causa
1384 2495 1447 2532 est
1478 2491 1565 2532 irae
1597 2493 1640 2531 et
1660 2489 1779 2531 ardo-

206 2664 231 2705 ¹)
279 2662 366 2695 Plac.
391 2662 471 2703 phil.
497 2662 567 2701 IV,
592 2664 643 2694 23.

204 2726 228 2763 2)
276 2726 326 2758 Cf.
350 2737 382 2757 v.
408 2727 469 2757 252
494 2735 582 2767 seqq.
628 2724 770 2757 Uberius
794 2725 832 2757 de
848 2724 910 2757 hoc
933 2724 1004 2757 loco
1027 2725 1096 2767 agit
1117 2729 1213 2767 poeta
1234 2737 1281 2758 vs.
1310 2728 1488 2760 359—417.
1533 2725 1698 2758 Assentiri
1713 2735 1779 2758 non

160 2800 293 2832 possum
316 2789 386 2821 viro
409 2788 596 2821 doctissimo
619 2788 834 2826 Reisackero‚
859 2799 932 2820 cum
955 2789 1034 2821 haec
1058 2789 1157 2821 verba
1179 2790 1265 2830 apud
1289 2789 1501 2821 Plutarchum
1529 2799 1625 2821 sensu
1640 2788 1776 2827 morali,

162 2856 200 2885 ut
222 2852 268 2884 ita
291 2852 396 2884 dicam
409 2876 417 2891 ,
442 2851 529 2883 dicta
551 2849 625 2883 esse
643 2850 770 2892 opinari
792 2851 952 2883 videatur.
1001 2851 1096 2892 (Vide
1119 2852 1210 2893 Epic.
1230 2853 1269 2884 de
1292 2851 1388 2883 anim⁴
1413 2856 1480 2883 nat.
1503 2853 1602 2884 doctr.
1620 2851 1654 2883 in
1670 2862 1776 2893 progr.

161 2925 273 2958 gymn.
307 2915 419 2947 Colon.
457 2924 530 2956 pag.
564 2914 630 2956 23.)
679 2914 762 2946 Cum
794 2913 855 2945 hac
889 2913 1041 2955 opinione
1063 2925 1138 2946 cum
1161 2914 1225 2946 alia
1247 2918 1319 2947 tum
1342 2914 1457 2956 capitis
1479 2914 1668 2955 inscriptio:
1701 2916 1778 2957 περὶ

162 2980 284 3012 παθῶν
307 2982 504 3019 σωματικῶν
525 2978 578 3009 καὶ
606 2977 631 3009 εἰ
655 2979 817 3020 συναλγεῖ
841 2977 950 3019 τούτῳ
975 2976 994 3014 ἡ
1018 2977 1113 3020 ψυχὴ
1136 2982 1285 3019 pugnant
1301 3002 1309 3017 ,
1334 2978 1361 3010 Si
1383 2982 1469 3010 recte
1491 2977 1595 3010 video.
