1894 3235
898 178 973 217 151

139 324 284 364 unum,
305 310 415 366 quod
435 310 575 351 omnia
595 309 887 365 phaenomena
908 324 930 351 e
952 310 1083 351 totius
1102 309 1249 351 mundi
1271 307 1512 351 condicione
1534 307 1746 363 explicare

137 388 391 442 conabatur,
438 389 498 428 ita
542 392 588 428 ut
635 387 800 442 singula
840 401 934 428 cum
980 392 1066 429 toto
1108 388 1382 442 iungerentur
1427 391 1468 427 et
1499 386 1645 427 eadem
1675 386 1747 426 lex

138 465 277 505 omnia
307 469 485 520 regeret.
547 465 684 506 Morbi
714 464 930 505 hominum
961 465 1151 505 oriuntur
1182 477 1204 505 e
1237 463 1464 505 seminibus
1483 462 1745 516 morborum,

137 557 311 598 quorum
342 542 446 584 haec
478 542 602 584 tellus
633 546 675 582 ct
704 541 783 583 hoc
815 542 977 583 caelum
1006 556 1206 596 magnum
1226 555 1448 583 numerum
1471 541 1686 582 continent
1709 540 1745 594 ¹).

133 620 254 662 Haec
299 621 459 661 semina
503 620 640 661 subito
681 620 892 661 interdum
936 620 979 660 in
1023 634 1154 661 unum
1200 620 1435 660 membrum
1464 619 1533 660 vel
1564 618 1746 673 corporis

133 702 296 753 partem
350 698 572 752 ingruunt,
615 698 674 738 ita
714 702 761 738 ut
805 697 974 738 morbus
1014 697 1227 738 hominem
1275 697 1484 752 corripiat.
1544 695 1604 737 At
1636 695 1746 751 quod

132 775 291 816 homini
333 780 380 816 ut
435 775 544 830 parti
600 775 786 816 universi
835 775 1040 829 contingit
1081 789 1154 816 cur
1192 775 1284 816 aliis
1315 774 1500 815 universi
1534 774 1745 830 partibus,

132 867 206 908 pro
230 867 305 894 sua
326 853 487 894 ratione
509 853 681 908 cuique,
712 867 796 893 non
818 853 1114 907 contingeret?
1160 853 1326 894 Aetnae
1348 853 1512 908 eruptio
1533 857 1746 908 tamquam

131 930 300 971 morbus
331 935 394 971 est
425 934 589 971 terrae:
622 931 711 971 eius
742 930 875 971 morbi
907 931 1094 983 semina,
1127 931 1194 971 vel
1225 931 1353 971 atomi
1384 930 1508 971 unius
1530 930 1746 971 cuiusdam

132 1008 322 1062 generis,
355 1022 530 1064 quarum
561 1022 806 1061 congressus
838 1008 1102 1062 eruptionem
1134 1007 1287 1061 efficit,
1329 1021 1403 1063 per
1425 1011 1559 1048 totum
1579 1008 1746 1048 univer-

132 1100 223 1126 sum
247 1089 344 1126 sunt
366 1085 553 1140 dispersa
570 1086 600 1138 2)
621 1118 630 1138 ,
663 1085 735 1126 sed
756 1089 930 1140 repente
952 1089 1126 1140 possunt
1149 1086 1357 1126 confluere
1378 1085 1422 1125 in
1443 1099 1573 1126 unum
1593 1085 1745 1126 locum.

188 1163 272 1204 Pro
328 1163 491 1204 ratione
531 1163 658 1204 totius
690 1167 825 1203 terrae
857 1162 960 1204 haec
992 1164 1156 1218 eruptio
1188 1177 1271 1204 non
1301 1163 1437 1204 maius
1468 1167 1531 1204 est
1562 1162 1745 1218 phaeno-

130 1254 284 1281 menon
314 1255 439 1296 quam
471 1240 589 1281 ulcus
619 1254 693 1295 pro
715 1240 876 1281 ratione
900 1241 1085 1295 corporis
1107 1240 1306 1282 humani:
1340 1241 1429 1281 eius
1461 1245 1624 1282 tantum
1641 1274 1651 1294 ,
1674 1241 1745 1296 qui

130 1316 235 1357 nihil
252 1317 387 1358 simile
411 1317 514 1358 vidit
533 1350 542 1370 ,
566 1321 629 1358 est
650 1317 793 1358 mirari
813 1317 1147 1371 magnitudinem
1167 1333 1174 1358 :
1211 1318 1375 1371 „omnia
1393 1318 1442 1359 de
1461 1332 1615 1373 genere
1633 1318 1745 1359 omni

127 1395 314 1435 maxima
358 1409 464 1450 quae
511 1395 617 1435 vidit
657 1395 861 1450 quisque,
909 1394 1013 1436 haec
1068 1396 1258 1450 ingentia
1298 1396 1497 1450 fingiff’ss).
1553 1397 1743 1437 Primum

128 1472 288 1526 legenti
332 1486 415 1512 non
461 1472 667 1513 dilucidus
698 1476 761 1513 est
801 1486 936 1514 nexus
968 1473 1232 1528 sequentium
1265 1487 1463 1514 versuum
1494 1488 1589 1515 cum
1620 1489 1745 1530 supra

129 1550 359 1605 expositis,
392 1564 487 1590 cum
518 1564 600 1591 non
631 1550 857 1605 perspiciat
888 1550 998 1606 quod
1028 1551 1243 1592 vinculum
1273 1552 1426 1592 montis
1447 1553 1611 1607 eruptio
1648 1567 1743 1593 cum

130 1626 258 1667 totius
302 1626 448 1667 mundi
490 1626 732 1667 condicione
781 1627 1019 1681 coniungat.
1080 1628 1131 1668 In
1171 1627 1222 1668 iis
1269 1628 1381 1669 enim
1429 1628 1602 1684 expedit
1647 1630 1744 1682 „illa

127 1703 262 1745 modis
306 1704 457 1759 quibus
497 1704 665 1746 inritata
708 1708 882 1759 repente
914 1705 1083 1745 flamina
1113 1705 1220 1746 foras
1251 1705 1380 1746 vastis
1409 1706 1576 1747 Aetnae
1608 1707 1742 1748 forna-

128 1782 244 1823 cibus
286 1782 483 1832 efflet”4).
544 1782 733 1823 Primum
778 1783 908 1823 totius
953 1783 1135 1824 subcava
1165 1783 1319 1824 montis
1351 1788 1415 1825 est
1445 1789 1619 1839 natura,
1655 1785 1742 1826 fore

128 1859 292 1900 silicum
323 1860 493 1900 suffulta
523 1860 726 1901 cavernis.
787 1860 882 1901 Hae
911 1861 1135 1916 speluncae
1158 1875 1255 1902 aero
1277 1866 1374 1902 sunt
1394 1863 1594 1917 repletae.
1655 1863 1744 1904 Aer

128 1936 197 1977 hic
247 1950 341 1977 cum
387 1936 587 1991 agitando
619 1941 661 1977 et
693 1936 865 1978 terendo
896 1937 1102 1992 percaluit
1134 1943 1175 1978 et
1207 1952 1309 1980 saxa
1340 1942 1382 1979 et
1413 1939 1547 1980 omnis
1577 1940 1745 1993 generis

126 2014 345 2056 materiam
375 2014 419 2054 in
449 2018 591 2055 monte
622 2014 838 2068 calefecit,
875 2029 950 2069 per
981 2015 1122 2056 fauces
1154 2015 1241 2056 sive
1273 2019 1454 2057 crateres
1486 2017 1668 2072 erumpit
1699 2021 1742 2058 et

127 2107 260 2146 saxa,
307 2092 492 2145 fumum,
551 2092 712 2133 cineres
762 2106 904 2133 secum
955 2092 1096 2133 trahit.
1176 2093 1405 2135 Praeterea
1453 2093 1551 2134 inde
1583 2109 1607 2135 a
1637 2095 1743 2135 mari

125 2170 349 2225 speluncae
395 2174 617 2225 penetrant
656 2169 708 2210 ad
754 2169 914 2210 radices
955 2170 1120 2210 montis.
1181 2169 1275 2211 Hac
1316 2171 1384 2212 via
1424 2185 1557 2226 aquae
1597 2175 1640 2212 et
1670 2185 1742 2212 aer

125 2248 169 2288 in
219 2248 410 2289 intimam
454 2248 608 2288 montis
657 2252 820 2303 partem
869 2247 1149 2302 perveniunt,
1197 2247 1306 2289 unde
1350 2262 1445 2289 cum
1490 2263 1624 2305 aquae
1670 2263 1741 2291 va-

127 2339 249 2381 pores
294 2339 390 2366 cum
435 2339 532 2367 aere
578 2326 704 2366 mixti
751 2326 912 2366 exitum
950 2325 1028 2366 sibi
1060 2330 1294 2382 quaerunt,
1339 2327 1560 2381 flammae,
1609 2342 1739 2382 saxa,

126 2415 348 2443 arenarum
369 2403 500 2443 moles
523 2406 750 2456 egeruntur
772 2401 816 2452 ⁵).
851 2427 903 2430 —
936 2402 1057 2450 Quod
1078 2403 1157 2443 etsi
1177 2407 1344 2456 teneas,
1376 2407 1517 2444 tamen
1539 2417 1741 2459 quaeren-

127 2479 225 2520 dum
272 2483 357 2533 est,
404 2481 476 2535 qui
520 2483 646 2535 poeta
691 2479 943 2521 contendere
988 2480 1118 2535 possit
1164 2494 1218 2521 ex
1249 2480 1412 2521 infinito
1458 2481 1582 2534 „satis
1611 2481 1740 2522 mali”

125 2557 394 2612 suppeditare
439 2561 576 2598 terrae
614 2561 655 2598 et
687 2557 829 2611 caelo,
874 2557 985 2598 unde
1016 2557 1119 2598 haec
1152 2558 1315 2613 eruptio
1347 2559 1550 2613 explicari
1580 2560 1740 2614 possit,

125 2648 220 2675 cum
265 2634 309 2674 in
354 2635 567 2689 superiore
613 2639 861 2689 argumento
902 2635 953 2676 de
993 2648 1089 2676 aere
1120 2634 1164 2675 in
1193 2641 1335 2676 monte
1366 2639 1409 2676 et
1439 2650 1547 2691 aqua
1575 2637 1739 2678 marina

169 2787 193 2828 ¹)
240 2785 297 2818 Vs.
322 2787 395 2817 663.

167 2849 191 2887 2)
236 2848 293 2881 Vs.
318 2851 390 2880 665.

167 2912 193 2953 ὃ)
238 2911 295 2944 Vs.
320 2912 402 2951 676,
428 2912 479 2946 77.

167 2974 193 3014 4)
238 2974 295 3007 Vs.
320 2976 381 3006 680
405 2984 493 3016 seqq.

166 3037 191 3077 ⁵)
236 3038 295 3068 Ad.
320 3048 367 3069 vs.
392 3039 452 3070 697
478 3038 616 3069 Munroo
637 3037 746 3078 potius
769 3038 926 3070 assentior
947 3049 1044 3080 quam
1067 3038 1200 3070 Lachm.
