1894 3235
941 96 994 135 92

160 229 256 265 sunt
287 229 359 266 aut
388 229 528 267 rectae
555 227 604 280 ¹),
637 226 748 282 quod
779 227 1014 282 προλήψεσι
1047 227 1263 269 diiudicari
1296 227 1432 269 debet.
1466 227 1510 269 Si
1531 228 1659 269 falsae
1680 232 1777 269 sunt

160 300 238 342 hoc
269 302 367 343 inde
398 303 541 357 oritur,
573 303 683 359 quod
715 305 762 345 τὸ
794 302 946 358 ψεῦδος
980 308 1041 346 καὶ
1074 306 1121 347 τὸ
1154 303 1478 360 διημαρτημένον
1510 308 1552 347 ὲν
1573 309 1629 362 τῷ
1649 324 1778 360 προσ-

161 377 425 437 δοξαζομένῳ
465 382 526 424 ἆεί
566 384 648 424 ἐστι
679 381 777 424 κατεῖ
807 383 882 432 τὴν
913 386 1071 432 κίνησιν
1104 385 1145 425 ἐν
1177 385 1274 432 ἡμῖν
1307 384 1475 434 αὐτοῖς,
1521 385 1779 436 συνημμένην

162 461 211 513 τῇ
254 464 506 514 φανταστικῇ
536 457 732 515 ἐπιβολῇ.
794 459 944 500 Altera
974 474 1101 513 vero,
1133 461 1411 516 perspicuitas
1447 460 1534 501 sive
1567 461 1779 516 ἐνάργεια,

165 535 360 590 quoniam
388 550 412 576 a
434 536 623 577 sensibus
644 537 742 577 solis
765 537 944 592 pendet,
979 552 1192 594 nunquam
1210 543 1348 594 potest
1367 539 1472 580 falsa
1490 552 1581 579 esse
1601 553 1609 578 :
1642 541 1718 588 τήν
1739 556 1780 580 τε

163 612 356 662 αἴσθησιν
389 612 671 663 ιἰναληπτικὴν
703 615 833 657 οὖσαν
855 619 939 657 τῶν
962 617 1284 659 ὑποπιπτόντων
1306 618 1430 673 αὐτῇ,
1463 620 1525 659 καὶ
1547 618 1644 668 μήτε
1665 615 1782 672 ἀφαι-

164 692 324 746 ρυῦσάν
355 710 391 733 τι
422 694 519 746 μήτε
551 696 849 748 προστιθεῖσαν
876 695 972 745 μήτε
994 697 1277 746 μετατιὲεἶσαν
1298 699 1355 751 τῷ
1377 695 1541 750 ἄλογον
1563 695 1687 749 εἶναι,
1719 692 1783 737 Bai

163 770 322 821 παντός
358 789 398 812 τε
444 770 691 820 ἀληθεύειν,
737 774 798 813 καὶ
847 771 954 812 οὕτω
985 772 1032 813 τὸ
1065 772 1114 813 ὃν
1146 770 1382 827 λαμβάνειν
1414 773 1470 822 ὡς
1503 773 1587 830 εἶχε
1620 774 1782 828 φύσεως

164 847 264 888 αὐτὸ
297 849 450 899 ἐκεῖνο,
493 847 626 902 (Sext.
657 847 781 903 Emp.
813 847 906 889 adV.
939 847 1072 889 Math.
1104 848 1228 889 VIII.
1263 850 1302 899 9)
1335 849 1474 890 aiebat
1505 850 1726 905 Epicurus.

224 924 432 973 Quoniam
471 939 569 980 ergo
601 940 745 967 omnes
782 940 927 967 sensus
958 927 1047 967 veri
1078 931 1202 980 sunt,
1234 931 1372 982 potest
1403 927 1561 983 aliquid
1592 927 1785 982 cognosci

168 1007 210 1044 et
241 1004 431 1059 percipi,
463 1018 599 1060 neque
632 1004 825 1060 scepticis
857 1004 1117 1060 philosophis
1155 1005 1467 1046 concedendum
1489 1010 1551 1046 est
1574 1005 1786 1047 hominem

168 1081 227 1122 nil
273 1082 378 1123 scire
425 1096 558 1138 posse.
619 1083 739 1124 Haec
786 1083 993 1125 fluctuans
1025 1088 1066 1124 et
1097 1083 1258 1124 incerta
1288 1083 1394 1124 ratio
1425 1084 1476 1124 iis
1506 1084 1672 1139 placere
1703 1097 1787 1124 non

168 1163 362 1215 poterat,
409 1160 480 1216 qui
521 1158 728 1201 summam
761 1160 1034 1201 stabilitatem
1067 1165 1109 1201 et
1141 1160 1383 1201 firmitatem
1415 1160 1699 1216 quaerebant,
1741 1163 1788 1201 ut

169 1237 310 1293 quiete
341 1238 414 1279 illa
444 1238 704 1292 fruerentur,
738 1252 844 1294 quae
876 1238 964 1279 sola
995 1239 1181 1279 animum
1212 1252 1363 1293 pacare
1394 1243 1547 1294 posset.
1594 1238 1789 1293 Pugnam

171 1328 271 1370 ergo
318 1315 518 1357 adversus
564 1317 770 1372 scepticos
816 1321 1090 1372 susceperunt
1122 1316 1332 1371 Epicurei.
1395 1316 1438 1358 Si
1471 1316 1562 1372 quis
1593 1319 1714 1372 putat
1745 1328 1788 1357 se

168 1393 275 1434 nihil
317 1394 446 1448 scire,
489 1394 695 1450 quomodo
736 1394 779 1435 id
822 1395 926 1436 scire
971 1395 1141 1450 potest?
1202 1394 1283 1443 Qui
1331 1394 1590 1449 distinguere
1621 1407 1790 1450 possum

168 1471 280 1512 inter
325 1471 430 1512 illud
475 1472 585 1528 quod
617 1476 679 1513 est
711 1472 817 1513 scire
849 1476 974 1528 atque
1005 1472 1204 1513 nescire?
1264 1471 1410 1513 Omnis
1440 1471 1545 1513 ratio
1577 1470 1734 1526 pendet
1764 1484 1790 1511 a

170 1549 360 1590 sensibus
377 1548 434 1604 2),
483 1550 553 1606 qui
600 1550 632 1590 si
678 1550 856 1603 fallunt,
903 1550 1010 1591 ratio
1053 1563 1218 1606 quoque
1265 1554 1327 1590 est
1357 1549 1474 1590 falsa.
1535 1549 1685 1605 Neque
1716 1547 1790 1590 uni

171 1627 336 1668 cuidam
383 1629 524 1668 sensui
569 1628 664 1683 plus
709 1628 806 1669 fidei
853 1627 1094 1669 habendum
1141 1632 1204 1669 est
1245 1642 1370 1683 quam
1400 1627 1600 1683 reliquis,
1647 1640 1791 1668 omnes

172 1718 305 1760 aeque
337 1710 434 1746 sunt
465 1706 581 1759 veri,
621 1719 757 1761 neque
790 1705 927 1746 eidem
960 1705 1100 1746 sensui
1132 1719 1215 1745 uno
1246 1709 1435 1760 tempore
1467 1704 1561 1760 plus
1592 1703 1688 1745 fidei
1718 1703 1790 1745 ha-

173 1783 357 1824 bendum
389 1788 452 1825 est
485 1798 610 1840 quam
641 1784 736 1825 alio.
799 1784 945 1825 Omnis
975 1784 1109 1837 ratio,
1151 1784 1244 1839 ipsa
1274 1797 1439 1839 quoque
1470 1783 1558 1824 vita
1589 1782 1790 1835 concidit,

172 1860 206 1901 si
254 1861 443 1902 sensibus
479 1875 563 1902 non
594 1862 774 1917 amplius
805 1861 908 1901 fides
940 1865 1003 1902 est
1033 1860 1239 1902 habenda.
1302 1860 1346 1902 Si
1376 1859 1650 1901 fundamenta
1680 1859 1791 1901 aedi-

171 1938 254 1979 ficii
300 1926 397 1979 sunt
438 1953 568 1995 prava
612 1944 737 1995 atque
775 1939 956 1992 debilia,
1004 1943 1092 1980 tota
1134 1939 1279 1980 domus
1324 1938 1489 1980 ruinam
1521 1941 1684 1979 trahet:
1732 1936 1791 1978 sio

173 2021 261 2058 tota
305 2017 411 2058 ratio
455 2018 557 2059 falsa
601 2018 680 2059 erit
711 2018 745 2058 si
777 2031 923 2058 sensus
954 2017 1106 2073 quibus
1138 2017 1309 2070 nititur,
1343 2030 1365 2057 e
1397 2015 1548 2072 quibus
1579 2018 1670 2056 orta
1699 2017 1790 2068 est,

173 2100 270 2137 sunt
301 2095 405 2137 falsi.

217 2282 243 2324 ¹)
291 2282 333 2313 D.
359 2282 395 2313 L.
422 2284 483 2312 34:
524 2283 589 2320 τὴν
624 2281 655 2313 δὲ
689 2281 789 2317 δόξαν
812 2283 865 2312 καὶ
893 2279 1067 2321 ὑπόληψιν
1099 2280 1274 2321 λέγουσιν.
1303 2279 1418 2317 ἀληθῆ
1453 2280 1486 2308 τὲ
1510 2285 1588 2318 φασι
1612 2278 1667 2308 καί
1689 2275 1792 2318 ψευδῆ

176 2347 376 2387 τυγχάνων.
404 2345 522 2384 ἂνμὲν
546 2346 608 2387 γὰρ
634 2344 902 2385 ἐπιμαρτυρῆται
928 2344 946 2381 ἣ
970 2344 1014 2383 μι)
1037 2344 1345 2383 ἀντιμαρτυρῆται,
1371 2341 1484 2379 ἀληθῆ
1501 2342 1584 2371 εἶναι
1603 2348 1607 2354 ·
1625 2340 1683 2371 ἐὰν
1700 2338 1793 2380 δὲμὴ

175 2407 444 2448 ἐπιμαρτυρῆται
469 2407 487 2446 ἦ
511 2407 819 2447 ἀντιμαρτυρῆται,
843 2404 945 2445 ψευδῆ
971 2405 1161 2446 τυγχάνειν.

218 2470 244 2508 ²)
291 2469 403 2502 Cicero
432 2469 623 2511 προλήψεις
658 2468 731 2500 illas
764 2467 911 2500 nominat
944 2470 1130 2508 antec-eptas
1153 2465 1261 2497 animo
1283 2465 1330 2497 rei
1353 2465 1508 2506 quasdam
1530 2463 1792 2502 informationes,

175 2533 244 2566 sive
277 2533 524 2574 anticipationes
558 2533 610 2564 vel
633 2532 730 2564 etiam
752 2531 997 2572 praenotiones:
1031 2531 1069 2562 de
1092 2530 1168 2561 Nat.
1193 2530 1278 2561 deor.
1304 2529 1320 2561 1
1346 2539 1415 2569 cap.
1443 2530 1479 2559 16
1503 2532 1536 2559 et
1561 2529 1620 2560 17:
1645 2537 1702 2568 per
1723 2530 1794 2557 ante

176 2597 229 2629 vel
257 2609 336 2636 prae*
367 2596 401 2627 in
435 2596 523 2628 hisce
558 2595 665 2627 verbis
697 2595 882 2636 compositis
916 2598 1025 2625 tamen
1049 2592 1207 2634 expressit
1230 2591 1364 2623 minime
1387 2595 1507 2623 rectam
1531 2589 1734 2622 sententiam.
1765 2588 1794 2620 E

177 2660 282 2702 capite
319 2662 354 2694 17
388 2660 473 2692 enim
505 2663 638 2701 apparet
672 2670 746 2690 eum
780 2658 906 2699 opinari
928 2657 986 2689 has
1011 2657 1200 2698 προλήψεις
1225 2658 1338 2687 insitas
1360 2655 1413 2687 vel
1435 2653 1543 2695 potius
1566 2655 1692 2684 innatas
1713 2662 1792 2684 esse.

177 2724 221 2755 At
256 2724 342 2765 quod
376 2723 548 2755 Lucretius
579 2733 676 2763 supra
703 2722 737 2753 in
771 2726 864 2753 textu
887 2720 966 2752 dicit
989 2720 1028 2751 ab
1051 2720 1192 2761 Epicuro
1216 2719 1425 2750 confirmatur
1447 2717 1591 2748 dicente:
1623 2716 1664 2747 D.
1688 2715 1726 2747 L.
1750 2715 1793 2747 X.

178 2789 237 2819 23:
264 2789 334 2825 πᾶς
356 2790 419 2830 γὰρ
446 2789 544 2829 λόγος
567 2788 635 2820 ἀπὸ
659 2790 726 2818 τῶν
749 2785 937 2823 αἰσθήσεων
960 2785 1124 2825 ἤρτηταιι
1153 2793 1228 2824 ergo
1250 2782 1380 2814 innatae
1403 2791 1472 2813 esse
1494 2791 1559 2811 non
1581 2782 1717 2820 possunt
1738 2788 1795 2810 eae

175 2850 333 2882 notiones.
381 2850 468 2887 Quid
497 2849 563 2881 sint
596 2849 782 2891 προλήψεις
805 2847 873 2888 ipse
896 2847 1057 2888 Epicurus
1080 2845 1163 2878 dixit
1186 2846 1227 2877 D.
1251 2846 1289 2878 L.
1315 2844 1357 2875 X.
1383 2846 1443 2875 33:
1479 2844 1542 2882 τὴν
1565 2842 1596 2875 δὲ
1621 2841 1795 2883 πρόληψιν

177 2915 330 2957 λέγουσιν
353 2915 450 2947 οἱονεὶ
475 2914 669 2953 κατάληψιν
682 2914 702 2951 ἢ
719 2913 820 2948 δόξαν
835 2913 941 2953 ὀρθὴν
957 2912 976 2950 ἦ
993 2911 1126 2944 ἔννοιαν
1143 2910 1164 2948 ἢ
1180 2909 1366 2947 καθολικὴν
1383 2909 1500 2946 νόησιν
1515 2905 1792 2946 ἐναποκειμένην,

180 2977 374 3010 τουτέστι
406 2979 576 3018 μνήμην
599 2979 667 3009 τοῦ
693 2977 901 3013 πολλάκις
923 2974 1080 3012 ἔξωθεν
1103 2974 1318 3016 φανέντος
1335 2995 1342 3002 .
1362 2995 1369 3002 .
1390 2995 1397 3002 .
1423 2970 1472 3002 Cf.
1498 2979 1580 3011 quae
1602 2972 1792 3010 sequuntur.
