1894 3235
865 125 944 166 145

97 257 342 313 protrahere
375 257 427 298 ad
458 262 623 311 gestum
653 271 806 312 pueros
836 257 1013 298 infantia
1033 258 1227 313 linguae,
1269 272 1363 299 cum
1384 257 1485 298 facit
1505 261 1552 298 ut
1573 257 1704 312 digito

95 349 202 391 quae
247 335 329 376 sint
372 335 610 390 praesentia
650 340 883 375 monstrent
915 368 923 375 .
956 336 1083 376 sentit
1123 336 1233 376 enim
1263 336 1350 376 vim
1381 335 1556 390 quisque
1589 349 1705 376 suam

95 426 176 468 quo
221 412 274 453 ad
313 412 443 467 possit
489 410 679 465 abuti’'¹).
740 413 910 467 Impetu
956 414 1135 468 quodam
1166 418 1317 454 natura
1348 413 1485 467 coegit
1516 413 1705 454 homines

95 489 255 530 sonitus
285 490 421 530 varios
453 490 670 542 emittere,
713 489 799 530 fere
831 490 978 530 eodem
1009 491 1131 531 modo
1162 505 1243 546 quo
1274 491 1431 531 vitulus
1461 490 1592 531 iratus
1622 490 1706 531 iam

95 567 289 608 cornibus
318 567 381 607 uti
412 572 610 619 conatur,
643 581 749 622 quae
781 567 965 607 nondum
998 572 1178 608 exstant.
1239 568 1299 608 At
1330 571 1455 622 poeta
1485 581 1568 607 non
1590 566 1707 607 videt

95 645 153 685 sic
183 658 282 685 sane
313 644 515 699 explicari
544 658 691 699 posse,
724 646 795 700 qui
825 645 954 685 nostri
985 645 1166 685 infantes
1187 645 1374 699 linguam
1397 644 1579 697 discant,
1612 658 1706 684 cum

94 722 337 778 parentibus
368 722 456 762 nati
488 722 598 774 sint,
646 722 716 777 qui
747 723 892 776 lingua
924 728 1121 775 utantur,
1153 737 1236 763 non
1268 728 1408 763 tamen
1438 721 1550 762 unde
1582 722 1707 777 primi

94 801 156 841 illi
187 799 406 853 homines,
440 800 510 855 qui
542 815 565 840 a
596 800 839 854 parentibus
871 814 962 841 eam
993 800 1236 841 facultatem
1267 801 1353 840 sive
1384 800 1590 854 impetum
1621 814 1705 840 non

94 878 359 932 acceperint,
406 878 611 932 impetum
655 877 774 917 illum
814 878 925 917 nacti
963 878 1057 917 sint.
1118 878 1275 918 Putare
1307 877 1489 932 aliquem
1519 877 1707 931 linguam

92 955 326 1008 invenisse,
372 955 541 995 nomina
572 955 696 995 rebus
729 955 1016 1007 distribuisse,
1050 969 1098 995 ea
1128 954 1318 995 homines
1350 955 1568 1008 didicisse,
1603 954 1707 995 desi-

94 1047 194 1089 pere
221 1037 310 1085 est,
343 1033 453 1088 quod
484 1033 742 1087 argumentis
772 1033 900 1074 firmis
932 1033 1093 1087 probat.
1154 1033 1237 1073 Pro
1259 1033 1386 1073 variis
1409 1032 1598 1072 sensibus
1620 1032 1707 1072 ani-

93 1111 220 1151 malia
264 1111 401 1151 varias
447 1124 570 1150 voces
617 1110 808 1151 emittere
851 1110 1065 1162 audimus,
1127 1114 1305 1165 „qua-nto
1346 1110 1533 1150 mortalis
1573 1109 1708 1163 magis

95 1191 281 1228 aecumst
326 1191 415 1227 tum
461 1187 646 1242 potuisse
694 1186 904 1227 dissimilis
952 1187 1033 1226 alia
1079 1191 1203 1241 atque
1250 1187 1332 1227 alia
1377 1200 1442 1226 res
1487 1199 1589 1226 voce
1636 1199 1708 1226 no-

94 1267 184 1304 tare
203 1261 304 1313 !''²).
365 1262 459 1303 Hoc
504 1263 646 1318 itaque
693 1268 868 1318 apparet
908 1273 1076 1317 poetam
1107 1263 1149 1302 in
1181 1276 1333 1316 magno
1365 1261 1709 1317 philosophorum

98 1339 149 1380 de
189 1340 360 1394 linguae
392 1340 551 1393 origine
584 1340 838 1392 certamine,
886 1339 996 1394 quod
1025 1339 1122 1380 inde
1155 1354 1178 1379 a
1209 1339 1488 1394 sophistarum
1519 1349 1708 1392 tempore

95 1417 197 1470 fuit,
219 1431 365 1458 eorum
386 1417 573 1472 partibus
594 1417 748 1470 favere,
771 1417 842 1472 qui
862 1417 1049 1470 linguam
1073 1419 1187 1471 φύσει
1210 1425 1342 1456 ortam
1365 1430 1453 1457 esse
1478 1415 1709 1456 docuerunt

94 1508 231 1550 neque
278 1497 409 1547 Στέσει,
456 1504 504 1535 ut
545 1495 717 1549 reliquis
748 1494 918 1549 placuit.
977 1493 1181 1547 Magnum
1213 1498 1354 1533 tamen
1391 1493 1567 1545 vitium,
1600 1491 1711 1547 quod

96 1572 261 1626 saepius
302 1572 384 1612 iam
416 1578 565 1627 poetae
598 1572 852 1624 obiecimus,
899 1571 942 1611 in
973 1570 1049 1610 hac
1082 1570 1444 1624 argumentatione
1475 1583 1617 1610 rursus
1646 1582 1709 1609 re-

95 1649 283 1704 peritur:
331 1649 383 1690 ad
430 1649 642 1690 cardinem
673 1649 927 1704 quaestionis
958 1663 1050 1688 raro
1082 1652 1275 1703 penetrat
1307 1652 1348 1688 et
1379 1661 1594 1702 nunquam
1623 1661 1709 1687 ma-

95 1726 215 1781 gistri
258 1726 414 1782 placita
445 1726 652 1767 emendat.
714 1726 921 1781 Epicurus
952 1726 1105 1780 partim
1137 1725 1305 1780 quidem
1335 1725 1486 1765 melius
1516 1738 1605 1765 rem
1637 1738 1709 1764 ex-

95 1804 283 1859 posuisse
328 1804 506 1845 videtur.
567 1805 618 1845 ln
663 1804 840 1859 epistola
885 1803 938 1844 ad
981 1802 1246 1844 Herodotum
1291 1802 1403 1843 enim
1448 1802 1627 1856 legimus
1648 1799 1708 1851 3):

97 1885 160 1924 καὶ
190 1881 240 1924 τά
271 1884 454 1935 ὀνόματα
487 1881 530 1930 ἐξ
558 1884 692 1938 ἀρχῆς
723 1884 777 1934 μὴ
809 1885 914 1924 «θέσει
948 1884 1162 1936 γενέσθαι,
1193 1881 1292 1923 ἀλλ’
1326 1879 1452 1929 αὐτᾶς
1474 1880 1546 1931 τὰς
1569 1882 1710 1935 φύσεις

96 1964 180 2002 τῶν
221 1961 457 2014 ἀνδρώπων
498 1961 588 2002 καὶ)
629 1961 774 2002 ἕκαστα
821 1961 919 2008 ἐ’ἓνη
963 1958 1045 2001 'Idm
1092 1961 1344 2014 πασχούσας
1389 1960 1501 2006 πάέῑη
1534 1961 1594 1999 καὶ
1627 1955 1709 1999 'lgm

97 2035 407 2093 λαμβανούσας
453 2038 721 2092 φαντάσματα
764 2036 878 2085 ἰδίως
909 2038 983 2078 τὸν
1015 2037 1111 2091 ἀέρα
1143 2038 1379 2088 ἐκπέμπειν,
1429 2035 1712 2087 στελλόμενον

100 2115 164 2170 ὑφ’
211 2116 392 2157 ἑκάστων
437 2119 521 2157 τῶν
567 2118 715 2156 παὲὧν
754 2119 814 2157 καὶ
848 2118 931 2156 τῶν
965 2115 1295 2168 φαντασμάτων,
1343 2113 1399 2161 ὡς
1434 2113 1486 2154 ἄν
1518 2131 1616 2153 ποτε
1649 2115 1710 2153 καὶ

98 2193 122 2241 ἡ
167 2191 278 2248 παραὶ
322 2194 421 2241 τοὺς
466 2194 624 2240 τόπους
664 2195 747 2233 τῶν
790 2193 924 2233 ἐὲνῶν
957 2190 1133 2246 διαφοραὶ
1165 2190 1222 2238 εἴη
1244 2203 1252 2211 ·
1286 2190 1459 2244 ὕστερον
1491 2187 1531 2231 δὲ
1563 2192 1712 2237 κοινῶς

98 2270 187 2311 καθ’
233 2271 379 2312 ἕκαστα
425 2270 524 2318 ἕὲνη
565 2269 614 2311 τά
657 2268 741 2311 {Sta
783 2273 947 2317 τεὲῆναι
988 2270 1096 2322 πρὸς
1141 2269 1188 2309 τὸ
1235 2266 1310 2315 τας
1356 2265 1556 2315 δηλώσεις
1588 2268 1712 2314 ἦττον

98 2345 370 2401 ἀμφιβόλους
400 2349 620 2402 ’γίγνεσθαι
647 2347 857 2398 ἀλλήλοις
881 2350 942 2387 καὶ
967 2346 1286 2399 συντομωτέρως
1315 2342 1572 2396 δηλουμένας
1591 2355 1598 2363 “
1623 2342 1713 2384 τινα

98 2420 139 2465 δὲ
184 2427 248 2465 καὶ
295 2424 344 2465 οὐ
387 2425 653 2480 συνορώμενα
693 2424 902 2479 πράγματ’
943 2424 1205 2477 εἶςφέροντας
1236 2422 1334 2468 τοὺς
1367 2418 1608 2468 συνειδότας
1639 2438 1712 2461 πα-

96 2503 324 2556 ρεγγυῆσαί
354 2520 469 2549 τινας
499 2503 751 2557 φθόγγους,
799 2503 857 2542 ὧν
888 2502 988 2548 τοὺς
1017 2503 1090 2551 μὲν
1122 2499 1463 2553 ἀναγκασθέντας
1494 2498 1712 2552 ἀναφωνῆ-

99 2596 194 2627 σαι,
236 2580 336 2626 τοὺς
377 2577 418 2621 δὲ
457 2582 514 2634 τῷ
558 2578 751 2634 λογισμῷ
795 2580 1020 2631 ἑπομένους
1065 2575 1166 2618 κατά
1210 2577 1284 2624 τὴν
1330 2575 1530 2623 πλείστην
1579 2576 1712 2616 αἰτίαν

97 2653 230 2702 οὕτως
275 2656 508 2710 ἑρμηυῦσαι.
569 2654 653 2695 Hic
709 2655 824 2695 locus
856 2659 998 2695 autem
1034 2653 1169 2694 multa
1207 2652 1415 2704 continet,
1462 2664 1568 2706 quae
1600 2649 1713 2705 apud

97 2735 266 2786 poetam
282 2746 365 2773 non
381 2732 674 2786 inveniuntur,
693 2733 764 2788 qui
784 2733 944 2788 primae
960 2732 1131 2786 linguae
1153 2730 1377 2784 originem,
1395 2734 1442 2770 ut
1460 2728 1712 2784 phaenome-

98 2823 182 2850 non
222 2810 431 2865 quoddam
460 2811 666 2869 naturale⁵
684 2811 834 2852 ceteris
864 2810 1069 2864 neglectis
1091 2808 1303 2863 explicare
1324 2807 1368 2846 in
1391 2806 1528 2847 animo
1548 2805 1711 2858 habuit,

99 2888 268 2942 egregie
289 2892 431 2930 tamen
452 2888 633 2930 ostendit
653 2889 898 2930 Lucretium
919 2901 1026 2943 quae
1047 2890 1162 2927 recta
1184 2885 1317 2940 sapiat
1338 2883 1522 2939 Epicuro
1545 2882 1711 2924 debere.

142 3003 163 3040 ¹)
207 3003 264 3035 Vs.
291 3004 470 3034 1028—33.

140 3054 167 3096 2)
215 3055 472 3087 vs.1034—90.

141 3111 168 3152 8)
214 3111 256 3142 D.
279 3112 318 3144 L.
341 3112 390 3151 x,
415 3113 472 3150 75,
497 3111 548 3145 76.
1478 3093 1529 3132 10
