1894 3235
963 107 1015 147 14

345 256 443 284 nam
474 241 611 298 siquid
640 241 816 283 mortale
847 254 870 282 e
901 240 1062 282 eunetis
1093 239 1283 295 partibus
1314 242 1447 292 esset,

348 334 403 361 ex
434 320 563 361 oculis
593 334 659 361 res
690 332 880 375 quaeque
911 322 1084 374 repente
1117 323 1263 373 erepta
1293 318 1450 373 periret
1472 319 1512 367 ¹).

234 398 442 454 Epicurus
473 398 585 439 idem
617 398 675 439 ait
698 396 752 447 2):
802 401 864 439 καὶ
907 400 937 439 εἰ
985 399 1192 452 ἐφθείρετο
1233 395 1273 439 δὲ
1314 398 1361 438 τὸ
1402 396 1708 452 ἀφανιζόμενον
1739 398 1796 444 εἷς

177 476 224 518 τὸ
265 477 319 528 μὴ
367 477 446 526 ὅν,
488 475 611 518 πάντ’
642 474 693 516 ἂν
724 473 945 516 ἀπωλώλει
975 475 1024 516 τὰ
1055 476 1305 530 πράγματα,
1351 474 1427 516 οὐκ
1458 474 1594 515 ὄντων
1625 475 1707 527 τῷν
1739 474 1796 522 εἷς

180 551 204 595 ἃ
237 551 460 596 διελύετο.”

237 630 332 672 Hoc
378 630 500 672 modo
543 633 685 670 autem
731 634 857 684 poeta
902 629 1088 685 explicat
1133 629 1240 671 hane
1272 629 1551 671 sententiam:
1584 629 1618 689 si
1650 642 1716 670 res
1745 627 1800 670 ad

180 707 286 749 nihil
316 707 451 762 redigi
481 711 670 763 possent,
703 707 867 760 omnia,
900 721 1006 762 quae
1029 711 1148 760 sunt,
1170 708 1281 749 ultro
1300 741 1310 760 ,
1341 708 1458 749 nulla
1480 707 1520 747 vi
1542 707 1689 759 illata,
1721 705 1800 747 sol-

180 790 379 826 verentur
395 786 450 838 3);
482 789 702 840 praeterea
732 784 837 825 nihil
868 789 1106 826 remaneret
1137 785 1188 826 ad
1220 785 1501 826 restituendas
1532 799 1627 838 res,

362 863 526 916 „omnia
557 863 669 904 enim
702 862 852 916 debet,
895 863 1062 904 mortali
1094 877 1265 918 corpore
1297 877 1402 918 quae
1435 868 1558 916 sunt,

350 941 515 982 infinita
545 945 661 982 aetas
692 955 939 996 consumpse
971 945 1068 981 ante
1101 945 1194 982 aeta
1225 940 1423 996 diesque'’
1447 940 1489 994 4).

236 1017 357 1066 Quod
388 1032 483 1059 cum
513 1032 597 1059 non
627 1018 784 1060 factum
815 1019 891 1071 sit,
929 1017 1026 1059 inde
1058 1018 1247 1074 sequitur
1280 1032 1453 1073 corpora
1484 1031 1601 1071 esse,
1634 1017 1803 1058 immor-

178 1095 254 1137 tali
309 1095 500 1150 praedita
560 1099 711 1136 natura
727 1094 783 1149 ⁵),
842 1095 1022 1151 denique
1084 1095 1163 1136 nisi
1206 1095 1428 1148 „materies
1474 1099 1646 1136 aeterna
1691 1099 1804 1136 tene-

179 1178 272 1227 ret,
319 1177 455 1214 tactus
501 1173 602 1214 satis
648 1178 758 1214 esset
806 1173 880 1214 leti
927 1173 1093 1227 eausa'',
1137 1173 1247 1229 quod
1288 1179 1429 1214 tamen
1470 1187 1554 1214 non
1588 1173 1662 1226 fit,
1708 1186 1806 1214 nam

183 1264 327 1292 omnes
373 1265 440 1291 res
492 1250 690 1304 „discidio
738 1251 917 1292 redeunt
956 1251 999 1291 in
1047 1265 1220 1306 corpora
1255 1251 1473 1292 mate1·iai''
1494 1250 1806 1306 ⁰);,postremo

183 1329 263 1384 ipsi
312 1328 466 1369 imbres
520 1329 614 1381 „ubi
666 1342 736 1370 eos
786 1334 907 1384 pater
951 1328 1098 1370 aether
1143 1329 1187 1370 in
1233 1329 1440 1384 gremium
1487 1328 1633 1370 matris
1679 1327 1805 1370 terrai

180 1405 503 1461 praecipitavit''
536 1406 673 1461 perire
705 1406 874 1461 quidem
906 1407 1130 1460 videntur,
1164 1407 1236 1448 sed
1259 1411 1429 1460 tamen,
1463 1421 1558 1448 eum
1579 1407 1744 1462 plantas
1765 1410 1808 1447 et

181 1483 380 1525 animalia
410 1489 630 1537 recreent,
663 1485 841 1540 probant
872 1499 955 1526 11011
987 1486 1154 1540 penitus
1186 1485 1322 1540 perire
1355 1498 1643 1541 quaecumque
1664 1483 1808 1526 viden-

182 1565 277 1615 tur,
323 1562 515 1617 „quando
562 1562 647 1603 alid
693 1576 747 1603 ex
789 1563 870 1603 alio
917 1563 1052 1604 reficit
1083 1568 1260 1616 natura,
1301 1577 1378 1604 nee
1410 1563 1540 1604 ullam
1570 1576 1656 1604 rem
1690 1562 1808 1617 gigni

185 1640 344 1695 patitur
375 1640 455 1681 nisi
486 1645 620 1682 morte
652 1640 795 1682 adiuta
827 1641 991 1682 aliena”
1014 1646 1056 1695 7).
1118 1641 1239 1682 Haec
1261 1641 1486 1697 explicatio
1508 1654 1673 1697 quoque
1694 1640 1808 1682 labo—

183 1722 249 1759 rat
296 1717 444 1759 eodem
478 1718 581 1759 vitio
613 1733 694 1775 quo
727 1719 1008 1774 praecedens:
1049 1723 1281 1761 atomorum
1313 1720 1425 1760 6111111
1457 1719 1670 1772 doctrina,
1702 1733 1808 1775 quae

186 1796 284 1837 inde
319 1811 343 1838 a
374 1811 500 1837 versu
531 1798 613 1838 483
645 1797 811 1852 incipit,
843 1797 911 1838 hie
942 1798 1025 1840 iam
1056 1798 1408 1852 argumentationi
1430 1802 1492 1839 est
1512 1798 1696 1851 inserta,
1727 1811 1808 1854 quo

188 1873 316 1914 etiam
348 1873 504 1914 factum
538 1878 627 1927 est,
660 1879 707 1915 ut
747 1874 931 1916 difficilia
963 1875 1045 1915 sint
1081 1875 1281 1916 distinctu
1317 1879 1565 1930 argumenta
1585 1889 1645 1916 vs.
1668 1876 1807 1916 219—

190 1953 274 1993 224
320 1957 362 1993 et
404 1954 628 1994 239-247
654 1954 698 2007 ⁵³).
742 1979 794 1982 —
841 1953 910 1994 Ex
957 1953 1071 1995 hisee
1113 1954 1330 2009 principiis
1372 1958 1513 1995 autem
1543 1967 1715 1995 neeesse
1747 1957 1810 1994 est

191 2035 412 2086 sequatur,
444 2031 688 2072 universum
720 2032 888 2073 omnino
921 2033 1157 2088 quantitate
1189 2046 1272 2074 non
1302 2032 1479 2086 mutari,
1511 2046 1648 2088 neque
1680 2031 1809 2073 demi-

235 2165 243 2184 ¹
302 2165 358 2197 Vs.
382 2167 564 2197 215—218.

250 2170 258 2203 )

233 2228 258 2266 ²)
305 2228 346 2260 D.
371 2229 426 2267 L.‚
451 2228 493 2260 X.
519 2230 569 2260 39.

234 2291 259 2333 3)
308 2291 364 2323 Vs.
390 2294 462 2323 224.

235 2353 259 2392 ⁴)
303 2354 359 2386 Vs.
385 2356 456 2386 232.

237 2417 262 2457 ⁵)
309 2417 364 2449 vs.
390 2419 462 2449 236.

239 2478 262 2517 ⁶)
309 2479 364 2510 Vs.
391 2481 465 2510 249.

239 2542 265 2584 7)
312 2542 368 2574 Vs.
395 2544 456 2574 264
479 2542 520 2573 cf.
545 2541 643 2574 Arist.
661 2542 802 2584 metaph.
818 2543 875 2582 ΙΙ,
894 2545 912 2574 2
927 2567 935 2582 ,
959 2554 990 2584 p.
1009 2545 1070 2574 994
1095 2544 1112 2582 ἡ
1131 2544 1275 2584 θατέρου
1291 2544 1400 2585 φθόρα
1416 2545 1561 2585 θατέρου
1583 2545 1653 2578 ἐστὶ
1669 2545 1812 2587 γένεσις,

196 2615 279 2646 quae
301 2605 401 2636 verba
423 2605 558 2637 fortasse
581 2605 620 2637 ab
644 2605 786 2647 Epicuro
808 2616 848 2638 ex
871 2606 1062 2645 Aristotele,
1087 2606 1180 2638 cuius
1197 2606 1317 2648 placita
1333 2617 1427 2648 saepe
1448 2618 1525 2640 suae
1541 2607 1704 2640 doctrinae
1720 2619 1812 2640 aceo·

197 2667 360 2706 modavit,
385 2671 463 2699 sunt
486 2671 625 2708 sumpta.

242 2732 267 2768 ⁸)
314 2730 349 2762 Si
380 2731 474 2763 modo
508 2732 592 2764 inest
622 2731 814 2770 discrimen,
853 2732 938 2774 quod
973 2732 1158 2765 Gassendus
1195 2732 1326 2775 quidem
1360 2733 1456 2772 vult,
1495 2745 1555 2775 ego
1591 2744 1656 2766 non
1693 2733 1811 2774 vide0;

200 2804 246 2826 vs.
273 2795 334 2825 219
357 2804 444 2836 seqq.
459 2819 466 2833 ,
502 2795 569 2833 ait,
594 2794 686 2826 nulla
718 2794 752 2826 vi
775 2805 855 2835 opus
878 2805 947 2827 esse
969 2796 1010 2826 ad
1032 2806 1082 2827 res
1105 2797 1145 2827 ad
1167 2795 1272 2828 nilum
1294 2796 1549 2835 interemendas,
1573 2795 1636 2828 nisi
1659 2796 1811 2829 materies

199 2861 330 2889 aeterna
352 2861 456 2890 esset:
491 2857 643 2900 quoniam
675 2855 743 2890 non
776 2858 811 2890 in
844 2862 951 2900 partes
984 2859 1134 2891 minimas
1157 2859 1292 2892 dissolvi
1314 2860 1484 2899 deberent;
1518 2870 1565 2891 vs.
1591 2861 1651 2891 239
1675 2860 1810 2892 eandem

201 2920 268 2952 vim
291 2931 401 2953 omnes
430 2931 480 2953 res
512 2931 605 2962 posse
629 2921 802 2961 conficere,
834 2921 898 2954 nisi
921 2925 1072 2955 materies
1095 2928 1225 2955 aeterna
1247 2927 1391 2963 teneret;
1425 2933 1501 2955 nam
1532 2933 1598 2955 non
1620 2933 1700 2964 opus
1723 2926 1809 2956 esset

201 2982 234 3016 vi
257 2983 396 3024 quadam
419 2983 459 3015 ad
482 2988 663 3016 atomorum
685 2987 873 3016 contextum
896 2985 1108 3017 solvendum:
1133 2989 1239 3018 taetus
1260 2985 1325 3017 iam
1348 2995 1458 3018 omnes
1480 2995 1531 3017 res
1554 2984 1768 3017 interemeret.
