1894 3235
870 161 948 199 149

105 304 154 330 eo
199 290 363 344 cogitur
408 294 455 331 ut
499 291 543 331 in
588 290 665 332 hac
710 296 828 346 parte
875 292 925 333 de
973 293 1154 334 nubibus
1195 297 1293 346 agat
1334 294 1411 347 (vs.
1448 295 1717 348 100—107),

103 381 354 422 quamquam
395 372 566 422 postea,
614 383 673 411 vs.
709 371 785 409 451
822 383 958 425 seqq.,
991 370 1160 411 uberius
1194 370 1423 411 doctrinam
1455 370 1505 412 de
1537 371 1718 412 nubibus

104 445 291 499 exponit.
354 445 490 486 Causa
530 444 654 485 huius
696 445 851 486 ordinis
881 448 1125 488 mutationis
1155 448 1390 489 accuratius
1421 461 1509 488 rem
1540 461 1717 502 perpen-

104 520 219 561 denti
264 535 347 561 non
392 521 552 562 latebit.
614 522 719 562 Cum
768 522 880 563 enim
926 523 1111 564 tonitrua
1152 529 1194 564 et
1234 524 1410 565 fulmina
1440 524 1550 565 inter
1579 525 1718 566 omnia

104 597 308 639 eiusmodi
350 598 639 653 phaenomena
686 600 912 655 praecipue
943 600 1161 642 hominum
1193 602 1351 642 animos
1382 601 1601 643 formidine
1632 602 1718 643 affi-

103 674 215 715 ciant
260 678 302 715 et
348 675 582 730 periculosa
628 676 678 716 iis
720 676 824 729 sint,
867 680 909 717 et
954 677 1061 718 hanc
1108 678 1159 718 ob
1198 692 1367 719 causam
1404 678 1608 733 imprimis
1640 679 1718 720 diis

102 752 222 793 iratis
267 753 532 806 tribuantur,
579 757 728 808 poetae
777 755 911 794 visum
958 758 1020 795 est
1067 768 1116 795 ea
1162 759 1259 796 ante
1299 756 1437 797 omnia
1468 756 1718 811 explicanda

103 844 220 884 esse,
253 833 300 871 ut
334 830 444 871 hunc
477 831 669 871 timorem
701 832 946 886 expelleret.
1008 832 1071 873 Ea
1102 832 1393 888 phaenomena
1424 834 1578 887 etiam,
1611 848 1717 890 quae

102 907 240 947 minus
285 910 383 962 apta
427 911 524 948 sunt
569 907 621 948 ad
664 913 824 949 metum
857 908 1147 962 efficiendum,
1194 910 1346 951 tacitus
1377 910 1464 951 fere
1495 911 1717 965 praeterit,

102 985 181 1026 etsi
227 985 435 1040 Epicurus
482 999 624 1026 eorum
664 987 847 1027 rationes
879 988 1074 1041 exposuit
1104 987 1147 1027 in
1179 988 1356 1042 epistola
1387 988 1439 1029 ad
1468 988 1717 1044 Pythoclem

102 1076 268 1118 paragr.
318 1064 553 1103 106-111.
619 1063 795 1115 „Cetera
825 1078 931 1119 quae
964 1079 1086 1105 cursu
1117 1069 1309 1106 crescunt
1340 1080 1546 1121 cursuque
1577 1080 1718 1107 crean-

102 1143 197 1193 tur,
246 1143 288 1180 et
333 1153 438 1195 quae
485 1144 757 1180 concrescunt
797 1140 840 1180 in
870 1140 1079 1193 nubibus,
1122 1141 1286 1195 omnia,
1328 1156 1517 1197 prorsum
1550 1143 1716 1196 omnia,

101 1217 201 1271 nix,
247 1217 386 1270 venti,
434 1217 620 1271 grando,
667 1217 916 1273 gelidaeque
963 1219 1167 1273 pruinae,
1216 1223 1258 1259 et
1304 1220 1367 1260 vis
1409 1234 1562 1274 magna
1603 1221 1716 1275 geli,

99 1309 300 1350 magnum
332 1295 533 1336 duramen
564 1310 793 1350 aquarum,
826 1300 868 1336 et
899 1310 1020 1337 mora
1049 1310 1155 1351 quae
1187 1297 1337 1338 fluvios
1358 1298 1513 1353 passim
1535 1298 1718 1340 refrenat

101 1373 261 1426 euntis,
305 1372 543 1428 perfacilest
588 1377 729 1414 tamen
774 1373 878 1414 haec
923 1374 1107 1428 reperire
1149 1375 1370 1430 animoque
1401 1375 1544 1416 videre
1577 1377 1717 1418 omnia

100 1465 182 1506 quo
213 1454 337 1506 pacto
368 1451 470 1491 fiant
501 1465 583 1506 qua
612 1464 710 1491 reve
744 1455 964 1502 creentur,
1009 1465 1104 1492 cum
1136 1452 1242 1492 bene
1275 1453 1467 1506 cognoris
1498 1454 1717 1494 clementis

99 1528 264 1569 reddita
305 1543 410 1584 quae
455 1529 564 1569 sint'’
595 1528 634 1582 ¹).
698 1529 883 1584 Quisque
929 1529 1044 1569 videt
1090 1534 1258 1584 poetam
1290 1529 1394 1571 haec
1426 1530 1717 1585 phaenomena

100 1606 353 1662 praeterire,
386 1620 469 1647 non
492 1606 602 1662 quod
640 1610 724 1647 tam
762 1607 900 1647 facilia
929 1607 1011 1647 sint
1032 1607 1085 1648 ad
1106 1608 1424 1662 explicandum:
1451 1623 1549 1649 nam
1572 1609 1716 1650 dubito

100 1698 200 1724 num
223 1684 294 1740 qui
318 1684 424 1725 bene
442 1684 685 1738 cognoverit
706 1684 949 1735 „clementis
966 1684 1129 1724 reddita
1147 1698 1252 1739 quae
1269 1685 1392 1738 sint”,
1416 1685 1458 1725 id
1476 1690 1539 1726 est
1556 1686 1626 1742 qui
1644 1700 1715 1727 ex-

100 1761 280 1816 positam
326 1761 558 1802 doctrinam
606 1760 655 1801 de
699 1761 847 1802 atomis
878 1762 1168 1817 perspexerit,
1217 1776 1265 1803 eo
1296 1762 1380 1803 iam
1412 1764 1552 1804 omnia
1581 1763 1715 1818 haec,

102 1837 273 1891 nivem,
323 1837 596 1892 grandinem,
627 1841 796 1891 ventos,
829 1842 926 1879 cett.
969 1839 1181 1894 explicare
1222 1840 1380 1894 possit,
1411 1840 1485 1881 sed
1525 1841 1623 1896 quia
1663 1841 1715 1882 ad

100 1915 253 1968 finem,
285 1929 409 1971 quem
431 1919 557 1970 poeta
578 1915 656 1956 sibi
676 1916 983 1971 assequendum
1004 1917 1244 1972 proposuit,
1275 1917 1414 1958 minus
1436 1918 1581 1972 gravia
1604 1923 1713 1960 sunt.

157 1992 219 2033 Eo
262 1993 396 2047 magis
437 1997 578 2034 autem
618 1993 819 2034 miramur
863 1998 1031 2048 poetam
1073 2008 1125 2035 ne
1156 1995 1333 2036 verbum
1365 1995 1531 2051 quidem
1565 1996 1714 2038 fecisse

99 2069 150 2110 de
181 2070 382 2123 cometis,
423 2069 473 2110 de
504 2070 655 2125 quibus
686 2070 894 2124 Epicurus
925 2071 1012 2125 agit
1043 2071 1086 2111 in
1116 2085 1279 2126 paragr.
1317 2074 1392 2112 111
1428 2073 1630 2128 epistolae
1662 2073 1715 2114 ad

98 2147 379 2203 Pythoclem,
421 2162 516 2188 cum
559 2148 671 2189 omni
703 2152 891 2203 tompore
923 2147 1026 2190 haec
1058 2149 1255 2190 caelestia
1286 2164 1458 2205 corpora
1488 2152 1714 2206 praecipue

99 2225 364 2280 superstiosis
403 2225 559 2266 fuerint
588 2226 839 2280 praenuntia
870 2226 1184 2267 calamitatum:
1217 2226 1290 2267 sed
1321 2241 1424 2282 opus
1454 2241 1538 2268 non
1579 2232 1641 2268 est
1662 2228 1714 2269 ad

99 2316 284 2356 unguem
313 2303 497 2356 factum,
542 2317 620 2343 nec
650 2303 799 2343 ultima
828 2317 976 2344 manus
1007 2303 1104 2344 huic
1135 2304 1240 2344 libro
1272 2305 1468 2357 accessit,
1500 2305 1611 2360 quod
1642 2320 1714 2361 ap-

98 2384 218 2435 paret
259 2393 282 2421 e
321 2395 379 2420 vs.
429 2381 677 2433 608—639,
724 2380 795 2421 ubi
840 2384 965 2436 poeta
1011 2381 1223 2436 explicat,
1271 2383 1343 2438 qui
1387 2382 1460 2423 fiat
1490 2386 1537 2423 ut
1566 2397 1712 2438 mare,

99 2472 194 2499 cum
240 2461 382 2498 tantus
427 2458 625 2499 decursus
669 2473 871 2514 aquarum
904 2472 952 2499 eo
985 2459 1163 2513 defluat,
1205 2474 1289 2500 non
1319 2461 1454 2501 maius
1483 2460 1711 2503 reddatur:

99 2534 143 2575 hi
174 2549 319 2576 versus
351 2549 431 2591 quo
463 2549 574 2576 nunc
605 2539 701 2576 sunt
732 2536 850 2589 loco,
883 2550 1041 2577 nexum
1072 2536 1384 2592 interrumpunt
1414 2551 1550 2594 neque
1572 2543 1714 2580 tamen

97 2612 287 2653 invenies
317 2627 398 2668 quo
429 2613 568 2668 aptius
598 2613 744 2654 referri
775 2614 947 2668 possint.
1008 2614 1122 2668 Ergo
1153 2614 1266 2655 haud
1296 2615 1386 2655 veri
1417 2619 1480 2656 est
1512 2616 1712 2657 dissimile

98 2689 142 2730 in
171 2689 250 2730 hoc
280 2690 386 2730 libro
418 2690 468 2730 de
500 2690 673 2731 cometis
704 2691 833 2731 verba
863 2704 946 2731 non
976 2691 1067 2732 fieri
1098 2691 1209 2747 quod
1240 2695 1312 2732 aut
1342 2696 1469 2747 poeta
1499 2707 1604 2748 opus
1629 2708 1712 2735 non

99 2766 403 2820 elaboraverit,
435 2771 507 2808 aut
536 2767 641 2808 haec
672 2782 768 2822 pars
798 2768 1019 2809 interierit.

156 2844 354 2886 Ceterum
376 2848 508 2885 totam
528 2844 636 2886 hanc
658 2844 887 2887 doctrinam
911 2846 962 2887 de
984 2846 1155 2899 tonitru,
1178 2845 1354 2887 fulmine
1378 2850 1475 2888 cett.
1498 2848 1712 2903 explicare

144 3018 168 3060 ¹)
215 3018 271 3049 Vs.
295 3019 452 3051 527-34.
