1921 3235
928 131 1005 170 177

163 265 327 320 dignior
356 263 629 320 philosophus
659 264 914 305 exstitisse’'.
946 262 1144 305 Reisack.
1175 262 1225 310 Q.
1247 262 1296 304 L.
1318 275 1360 317 p.
1392 262 1459 302 37.
1510 260 1551 301 A
1582 259 1773 315 magistri

161 343 231 383 via
270 342 458 383 conscius
498 356 582 382 non
613 341 829 382 aberrasse
860 341 1056 394 videtur,
1103 339 1283 394 vestigia
1314 339 1403 380 eius
1432 342 1480 379 ut
1511 351 1655 379 omnes
1684 337 1772 379 fere

162 419 335 475 Epicuri
365 419 559 474 discipuli
584 419 646 471 ¹),
684 432 846 459 summa
877 432 972 459 cum
1002 418 1160 473 pietate
1190 416 1365 472 pressit,
1401 420 1444 457 et
1473 420 1616 457 tamen
1647 415 1773 456 etiam

163 497 197 538 si
243 497 382 538 omnia
425 496 616 550 magistri
656 510 783 551 opera
813 499 997 536 aetatem
1027 495 1250 548 tulissent,
1296 493 1485 536 Lucretii
1515 506 1683 535 carmen
1715 492 1774 533 di-

163 588 293 629 gnum
323 577 433 615 esset
462 572 574 629 quod
603 572 760 613 iterum
790 576 916 627 atque
948 572 1102 613 iterum
1133 572 1359 626 legeretur.

221 650 304 692 Sed
333 654 558 705 antequam
589 649 633 689 id
665 648 960 701 ostendamus,
993 662 1136 689 eorum
1168 652 1231 688 est
1262 647 1401 702 opinio
1423 646 1671 700 refellenda,
1703 646 1775 702 qui

163 733 332 783 poetam
376 727 567 782 magistri
614 726 846 768 doctrinam
893 730 1170 767 commutasse
1217 724 1487 766 contendunt.
1548 724 1666 765 Inter
1706 737 1796 765 eos

164 806 346 861 primum
386 810 562 860 occupat
608 805 745 845 locum
792 804 984 845 Ritterus
1006 804 1051 857 2).
1111 803 1162 844 In
1208 803 1258 843 iis
1297 803 1425 855 locis,
1465 801 1538 843 ubi
1568 806 1694 857 poeta
1724 801 1775 842 ab

164 883 337 938 Epicuri
374 882 561 924 doctrina
593 882 828 923 discessisse
861 881 1040 934 dicitur,
1082 881 1246 936 poetico
1277 880 1446 934 ingenio
1478 893 1574 920 eum
1605 878 1777 920 ductum

165 974 255 1001 esse
311 964 432 1015 putat
482 960 686 1001 Ritterus.
746 960 894 1014 Itaque
946 958 1161 999 contendit
1210 962 1376 1013 poetam
1443 957 1525 1009 „ita
1569 957 1777 997 Naturam

165 1037 425 1090 describere,
457 1042 504 1078 ut
536 1051 628 1078 eam
659 1042 875 1092 tamquam
905 1036 991 1076 vim
1022 1049 1150 1076 unam
1180 1035 1318 1076 omnia
1348 1035 1391 1074 in
1423 1048 1466 1075 se
1498 1034 1777 1089 complecten-

165 1119 251 1156 tem
297 1119 339 1156 et
385 1114 438 1156 ad
480 1114 743 1155 concordiam
776 1120 816 1155 et
848 1113 1163 1154 consensionem
1194 1112 1360 1166 singula
1390 1125 1580 1167 quaeque
1611 1110 1776 1152 concili-

165 1197 306 1234 antem
356 1196 398 1233 et
448 1199 769 1247 componentem
819 1191 975 1232 habere
1020 1189 1255 1231 videatur'ss
1331 1188 1520 1229 Lucretii
1570 1188 1776 1229 Naturam

166 1271 284 1326 quasi
328 1270 474 1311 vivere
523 1275 564 1311 et
611 1270 838 1311 animatam
871 1283 960 1310 esse
993 1269 1119 1321 dicit,
1152 1282 1245 1309 cum
1276 1266 1450 1322 Epicuri
1480 1266 1643 1307 Natura
1673 1270 1777 1306 tam-

167 1363 291 1404 quam
311 1352 455 1389 'morte
488 1352 683 1389 teneatur
699 1351 743 1398 3).
805 1348 1035 1403 Exempla,
1068 1360 1174 1402 quae
1206 1345 1349 1398 affert,
1383 1345 1522 1385 omnia
1553 1348 1649 1385 sunt
1671 1344 1778 1384 eius-

165 1425 306 1479 modi,
353 1430 399 1466 ut
429 1426 602 1466 minime
634 1433 733 1480 apta>
764 1425 882 1465 nobis
913 1424 1161 1475 videantur,
1202 1436 1307 1478 quae
1339 1422 1495 1463 Ritteri
1527 1421 1778 1462 sententiam

166 1503 367 1558 probent,
400 1517 494 1544 cum
526 1503 756 1558 Epicurum
778 1502 889 1542 idem
911 1515 1078 1556 prorsus
1101 1501 1288 1541 docuisse
1311 1514 1436 1554 supra
1462 1498 1777 1539 ostenderimus.

167 1581 229 1621 Ut
249 1595 380 1621 unum
398 1586 439 1621 et
462 1580 538 1621 hoc
557 1580 848 1634 gravissimum
872 1579 1095 1620 afferamus
1113 1594 1121 1619 :
1154 1592 1202 1619 eo
1225 1591 1425 1633 apparere
1446 1577 1637 1617 Rittems
1658 1579 1779 1631 putat

168 1658 414 1699 Lucretium
430 1663 623 1699 naturam
641 1667 852 1713 tamquam
874 1657 1129 1698 animantem
1149 1656 1366 1707 habuisse,
1391 1653 1501 1709 quod
1526 1667 1670 1694 eorum
1693 1653 1779 1707 opi-

167 1736 336 1777 nionem
366 1750 451 1777 non
483 1740 725 1791 oppugnet,
759 1735 829 1790 qui
860 1739 969 1775 astra
1001 1734 1118 1789 quasi
1149 1733 1343 1774 animalia
1376 1745 1497 1772 suum
1531 1731 1670 1772 cibum
1702 1729 1780 1770 sibi

169 1814 414 1870 quaerentia
445 1827 534 1854 esse
566 1813 832 1854 contendant.
879 1812 939 1852 At
969 1813 1013 1852 in
1042 1811 1148 1851 libro
1179 1810 1220 1851 V
1252 1812 1360 1865 (pag.
1397 1810 1489 1860 121)
1523 1807 1780 1848 ostendimus

170 1896 375 1947 quatenus
407 1896 533 1946 poeta.
565 1905 658 1931 cum
689 1890 889 1944 magistro
922 1888 1167 1930 consentiat.
1229 1886 1350 1934 Quod
1382 1886 1415 1926 si
1446 1885 1626 1939 legeris,
1658 1884 1780 1925 facile

171 1969 373 2010 concedes
419 1982 473 2009 ex
519 1968 722 2009 eiusmodi
761 1966 1016 2022 metaphoris
1060 1965 1167 2006 nihil
1208 1964 1314 2005 effici
1345 1976 1487 2018 posse,
1534 1961 1781 2017 praesertim

171 2061 266 2088 cum
311 2046 422 2101 apud
467 2046 697 2101 Epicurum
740 2059 824 2085 non
866 2044 1003 2084 minus
1045 2042 1288 2083 temerarias
1333 2040 1618 2081 inveniamus:
1667 2038 1781 2081 ἀλλὰ

170 2127 251 2178 μὴν
282 2123 547 2173 ὑποληπτέον
580 2126 641 2165 καὶ
675 2124 748 2171 τὴν
783 2124 908 2177 φύσιν
939 2121 1083 2163 πολλὰ
1116 2123 1178 2162 καὶ
1210 2124 1384 2161 παντοῖα
1417 2119 1498 2160 ὑπὸ
1529 2120 1613 2159 τῶυ
1645 2117 1781 2159 αὐτῶν

171 2201 426 2256 πραγμάτων
457 2198 706 2256 διδαχθῆναί
735 2217 775 2240 τε
807 2201 870 2239 καὶ
902 2198 1216 2253 ἇναγκασὲῐῆναι
1236 2196 1283 2249 4).
1316 2219 1368 2224 ·—
1417 2195 1546 2249 Χάρις
1576 2197 1626 2249 τῇ
1655 2211 1782 2247 μακα-

215 2374 240 2416 ¹)
288 2373 338 2406 cf.
362 2372 558 2405 Untersuch.
582 2383 626 2403 zu
649 2371 789 2403 Cicero's
810 2368 1094 2411 philosophischen
1111 2367 1276 2399 Schriften
1290 2376 1356 2398 von
1370 2364 1497 2397 Rudolf
1508 2363 1645 2402 Hirze1‚
1674 2365 1689 2395 1
1705 2362 1782 2402 Th.,

197 2460 203 2467 .
228 2438 268 2468 98
291 2446 324 2468 se
372 2459 379 2467 .

171 2447 193 2478 P
215 2499 240 2537 2)
287 2447 480 2531 (Ξεῖἶῇίοέήθ
513 2498 569 2529 der
601 2496 809 2537 Philosophia
832 2506 898 2528 von
921 2495 978 2526 Dr.
1004 2492 1163 2526 Heinrich
1185 2492 1301 2524 Ritter.
1325 2490 1453 2523 Vierter
1475 2488 1588 2527 Theil,
1613 2490 1651 2520 2e
1672 2487 1759 2519 Aufl.
1774 2511 1782 2527 ,

173 2571 248 2603 pag.
273 2563 312 2593 89
336 2571 423 2603 seqq.

216 2624 243 2666 ³)
290 2624 368 2665 Pag.
394 2625 444 2654 94.
489 2622 590 2661 „Dies
613 2621 701 2662 zeigt
723 2620 792 2652 sich
813 2620 986 2652 besonders
1009 2618 1122 2656 darin,
1146 2618 1219 2649 dass
1242 2616 1293 2648 die
1315 2616 1422 2647 Natur
1443 2614 1512 2645 und
1533 2613 1603 2645 ihre
1626 2613 1784 2645 Bestand-

173 2686 274 2719 theile
306 2686 351 2717 im
382 2685 607 2727 Allgemeinen
636 2684 734 2716 theiis
756 2683 816 2715 auf
834 2683 906 2715 eine
929 2682 995 2714 viel
1016 2680 1238 2722 lebendigere,
1270 2678 1368 2711 theils
1390 2677 1450 2709 auf
1468 2677 1539 2709 eine
1560 2675 1784 2717 mannigfalti-

175 2759 250 2790 gere
272 2747 383 2779 Weise
404 2758 471 2779 von
491 2746 663 2779 Lucretius
685 2745 879 2787 geschildert
901 2744 1048 2782 werden,
1080 2743 1129 2774 als
1151 2752 1184 2773 es
1207 2741 1258 2772 die
1280 2741 1369 2772 todte
1391 2739 1458 2770 und
1480 2737 1673 2778 einffirmige
1696 2736 1784 2779 Phy-

176 2810 228 2843 sik
257 2810 314 2841 der
345 2809 525 2850 Epikureer
546 2820 589 2839 zu
614 2811 793 2840 verstatten
816 2806 936 2838 sehien.
961 2824 1002 2828 —
1025 2806 1103 2846 Pag.
1128 2806 1189 2835 95:
1223 2803 1302 2834 alles
1325 2801 1391 2833 dies
1413 2798 1783 2841 Vorstengsweisen,

177 2871 300 2905 welche
332 2872 395 2903 den
423 2871 535 2903 todten
567 2870 700 2902 Massen
721 2870 777 2901 der
802 2868 1031 2910 epikurischen
1061 2867 1153 2899 Welt
1174 2865 1269 2898 einen
1291 2862 1457 2896 Anschein
1479 2863 1534 2894 des
1557 2861 1684 2894 Lebens
1707 2861 1783 2893 nn't-

176 2934 310 2968 theilen.

220 2997 248 3040 ⁴)
294 2998 336 3031 D.
358 2998 396 3032 L.
417 2998 470 3037 X,
494 2998 545 3031 75.
