1894 3235
959 103 1011 143 78

171 238 286 291 πρὸς
316 238 448 288 ἡμᾶς,
481 237 616 285 οὕτως
648 235 742 279 οὐδὲ
774 237 822 278 τὰ
845 237 933 288 μεθ’
954 237 1062 288 ἡμᾶς
1094 235 1216 278 οὐδὲν
1238 236 1474 292 ἕσταιπρὸς
1494 238 1602 289 ἡμᾶς
1615 236 1652 289 ¹).
1685 235 1792 277 Cum

173 319 313 356 autem
345 314 553 370 Epicurus
583 314 716 354 multa
748 313 825 354 sibi
857 315 1128 369 assumpserit
1160 323 1201 355 et
1233 328 1255 354 0
1287 314 1664 369 Peripateticorum
1695 317 1737 354 et
1767 327 1790 354 0

173 392 486 433 Platonicorum
529 391 711 446 scriptiS,
744 391 934 446 quaead
966 406 1083 432 suam
1117 391 1347 433 doctrinam
1379 391 1653 446 quadrarent,
1700 391 1792 446 quis

174 475 236 511 est
267 470 338 526 qui
368 474 494 523 neget
513 502 522 518 ‚
555 483 652 510 eum
682 468 789 509 hanc
812 469 1062 510 sententiam
1085 484 1249 525 quoquc
1273 469 1485 511 Crantoris
1507 469 1585 509 sibi
1606 482 1792 524 assump-

174 547 311 588 sisse?
372 546 478 588 Cum
510 559 631 601 porro
663 545 870 600 Epicurus
901 546 1053 586 multos
1085 560 1174 588 esse
1207 547 1568 588 (11Χο11111111111103
1600 550 1640 587 et
1679 545 1790 586 idem

177 624 331 664 dixerit
362 623 412 664 de
444 623 592 664 animis
616 620 668 677 ²),
702 623 827 663 etiam
869 623 1057 665 docuisse
1088 624 1254 665 videtur
1286 625 1453 666 easdem
1485 625 1720 665 animorum
1751 627 1793 664 et

174 715 394 757 corporum
425 706 660 742 atomorum
691 701 1004 756 complexiones
1037 702 1202 757 saepius
1234 703 1449 744 exsistere.
1485 703 1713 743 Praeterea
1733 702 1791 743 M.

177 779 399 820 Terentius
422 777 558 819 Varro
581 778 623 818 in
646 778 762 818 libris
785 811 794 831 ,
833 792 936 833 quos
959 779 1202 833 conscripsit
1221 779 1270 819 de
1293 784 1417 833 gente
1435 779 1577 835 populi
1591 778 1792 832 Romani,

174 856 278 897 haec
310 856 438 897 verba
470 856 655 911 protulit,
674 869 780 911 quae
802 856 1067 910 Augustinus
1087 857 1119 909 ³)
1144 862 1440 897 commemorat
1459 872 1466 898 :
1505 856 1793 910 „Genethliaci

177 935 346 991 quidam
395 935 654 990 scripserunt
703 948 792 975 esse
840 935 881 974 in
924 935 1188 976 renascendis
1220 934 1456 976 hominibus
1498 950 1621 991 quam
1653 935 1795 990 appel-

174 1013 263 1054 lant
294 1015 620 1069 παλιγγενεσίαν
652 1012 825 1053 Graeci:
858 1012 935 1053 hac
968 1013 1224 1067 scripserunt
1247 1013 1391 1054 confici
1413 1013 1455 1053 in
1479 1013 1598 1053 annis
1621 1026 1793 1054 numero

177 1091 494 1147 quadringentis
525 1090 831 1146 quadraginta,
877 1094 919 1130 nt
951 1090 1057 1130 idem
1088 1104 1236 1144 corpus
1267 1095 1303 1131 et
1334 1090 1473 1132 eadem
1495 1092 1658 1144 anima,
1690 1105 1796 1146 quae

175 1170 336 1223 fuerint
382 1169 599 1210 commeta
647 1169 689 1209 in
737 1168 898 1209 homine
947 1168 1204 1223 aliquando,
1247 1169 1386 1209 eadem
1436 1183 1587 1210 rursus
1624 1169 1796 1210 redeant

176 1248 219 1288 in
266 1246 628 1288 conamotionem)³
690 1245 898 1301 Epicurus
940 1260 1039 1287 sane
1086 1260 1299 1302 nunquam
1342 1247 1496 1288 dixerit
1542 1251 1636 1302 post
1666 1261 1796 1288 annos

176 1325 506 1381 quadringentos
537 1324 815 1380 quadraginta
847 1324 1023 1365 eandem
1054 1325 1189 1366 redire
1222 1325 1579 1378 coniunctionem,
1612 1324 1722 1381 quod
1752 1325 1795 1365 in

176 1404 265 1445 eius
305 1408 489 1459 systema
529 1417 611 1443 non
656 1402 862 1458 quadrant
894 1403 1097 1444 eiusmodi
1130 1403 1318 1458 periodi,
1361 1408 1637 1444 veruntamen
1668 1402 1795 1444 animi

176 1481 395 1524 discidium
441 1497 465 1523 a
511 1494 683 1536 corpore
731 1495 815 1522 non
858 1489 1110 1536 perpetuum
1161 1495 1250 1523 esse
1283 1481 1355 1523 sed
1386 1481 1576 1522 homines
1606 1481 1795 1534 renasci,

173 1560 258 1602 iam
304 1560 375 1602 alii
420 1559 659 1616 philosophi
704 1563 800 1600 ante
847 1559 1077 1614 Epicurum
1125 1559 1423 1613 docuerant,4)
1456 1574 1532 1601 1100
1574 1559 1795 1616 quicquam

176 1637 397 1694 prohibet,
445 1638 668 1693 quominus
714 1636 932 1678 credamus
979 1637 1113 1678 simile
1152 1637 1251 1693 quid
1283 1638 1534 1679 concessisse
1566 1637 1796 1693 Epicurum

176 1715 340 1757 Stoicis.
361 1719 390 1766 5)
423 1715 484 1756 Hi
507 1721 647 1757 tamen
663 1715 867 1771 putabant
885 1715 1044 1756 animos
1067 1720 1175 1756 totos
1197 1716 1353 1756 servari
1371 1730 1542 1771 corpore
1562 1715 1761 1757 dissoluto
1785 1748 1795 1769 ,

177 1793 288 1849 quod
319 1793 527 1849 Epicurus
559 1792 787 1834 concedere
818 1807 901 1833 non
933 1798 1083 1848 potest.
1145 1794 1195 1834 In
1227 1794 1316 1834 eius
1348 1793 1534 1835 doctrina
1565 1793 1670 1834 nihil
1702 1798 1794 1848 est,

177 1871 290 1928 quod
317 1872 512 1912 iteratam
544 1870 771 1912 earundem
804 1876 1038 1913 atomorum
1070 1872 1412 1927 compositionem
1444 1886 1686 1927 oppugnare
1704 1886 1796 1927 pos-

179 1950 261 1991 sit:
314 1950 387 1991 sed
437 1949 542 1991 haec
593 1949 724 1991 altera
771 1949 1008 1990 coniunctio
1056 1954 1220 1991 tantum
1265 1949 1354 1990 fieri
1378 1954 1515 2004 potest
1547 1954 1589 1990 et
1631 1949 1793 1992 infinito

185 2028 353 2070 demum
400 2043 572 2070 casuum
603 2042 777 2069 numero
818 2027 1084 2081 verisimilis,
1127 2028 1227 2084 quin
1260 2028 1385 2069 etiam
1417 2032 1530 2069 certa
1561 2027 1620 2068 fit.

233 2107 283 2148 In
314 2107 477 2163 reliqua
496 2106 621 2148 huius
643 2106 738 2147 libri
761 2110 879 2162 parte
898 2120 993 2147 cum
1014 2109 1140 2161 poeta
1160 2105 1351 2147 homines
1369 2111 1537 2147 moneat
1554 2110 1601 2147 ut
1617 2110 1796 2148 mortem

174 2198 521 2240 communemque
569 2189 744 2225 naturae
795 2188 949 2225 sortem
995 2184 1142 2225 timere
1175 2188 1216 2225 et
1240 2183 1455 2239 deplorare
1479 2183 1711 2238 desistant,
1744 2197 1794 2225 ea

174 2263 319 2320 paucis
354 2263 609 2317 attingemus
640 2277 734 2304 cum
766 2261 816 2303 de
848 2262 937 2303 eius
968 2262 1113 2303 morali
1146 2261 1332 2303 doctrina
1363 2262 1482 2302 nobis
1506 2261 1791 2304 disserendum

175 2342 265 2383 erit.
326 2340 569 2397 Antequam
599 2340 651 2382 ad
682 2345 876 2396 quartum
908 2340 1061 2381 librum
1093 2340 1355 2381 tractandum
1388 2345 1678 2394 transeamus,
1711 2341 1796 2382 ani-

174 2418 437 2461 madvertere
454 2419 579 2460 liceat
595 2418 748 2459 mirum
766 2432 854 2459 esse
864 2418 1127 2471 Lucretium,
1146 2418 1221 2459 etsi
1244 2418 1357 2472 alibi,
1376 2418 1419 2459 in
1436 2418 1516 2459 fine
1540 2418 1664 2460 huius
1680 2418 1789 2472 libri,

176 2496 248 2537 ubi
286 2496 336 2538 de
362 2495 591 2537 inferorum
622 2495 840 2537 tormentis
870 2509 1013 2550 agens,
1051 2509 1101 2537 ea
1132 2495 1230 2537 dicit
1261 2496 1357 2537 ficta
1389 2510 1478 2537 csso
1501 2510 1554 2537 ex
1577 2496 1656 2550 iis,
1687 2510 1793 2553 quae

220 2730 242 2768 ¹)
289 2730 339 2763 Cf.
365 2729 431 2762 Cic.
458 2729 550 2771 Disp.
575 2729 671 2761 Tuse.
697 2729 736 2768 1,
762 2731 823 2769 38,
849 2731 899 2760 91.

221 2794 246 2834 ²)
295 2793 344 2826 Cf.
370 2793 460 2825 Stob.
484 2793 506 2824 1.
530 2793 552 2824 1.
577 2803 684 2833 supra.

220 2856 246 2898 ³)
294 2856 344 2888 De
367 2856 466 2889 Civit.
491 2856 555 2888 Dei
576 2856 650 2888 libr.
675 2855 783 2888 XXII
807 2855 845 2888 C.
870 2858 920 2888 2³.

220 2918 246 2960 ⁴)
293 2918 377 2951 Plat.
401 2918 537 2951 Phaedr.
563 2921 634 2951 249.

217 2981 243 3020 ⁶)
289 2981 337 3014 cf.
362 2982 467 3014 Zeller
490 2982 567 3022 ΙΙΙ,
595 2985 608 3014 1
629 3007 637 3021 ,
659 2993 731 3024 pag.
759 2985 815 3014 141
841 2993 893 3014 no.
921 2985 948 3013 1.
