1921 3235
874 133 956 174 184

107 269 213 311 mari
258 273 398 325 potest
438 268 509 322 id,
556 267 667 324 quod
707 266 945 308 Numenius
976 265 1219 307 Platonicus
1249 264 1523 321 philosophus
1553 264 1605 306 de
1635 265 1726 306 uni-

107 346 239 388 versis
282 346 504 402 Epicureis
549 345 738 400 scripsit:
787 343 941 399 ὖπῆρξέ
970 362 1011 386 τε
1041 345 1082 385 ἐκ
1112 347 1186 386 τοῦ
1217 344 1279 385 ἐπὶ
1313 342 1512 384 πλεῖστον
1542 348 1632 394 τοῖς
1660 360 1728 396 με·

106 428 263 468 τέπειτα
305 425 628 478 Ἐπικουρείοις,
673 420 765 476 μηδ’
812 422 955 473 αὐτοῖς
997 423 1122 464 εἰπεῖν
1153 439 1218 463 πω
1250 422 1439 480 ἐναντίον
1471 418 1563 462 οὔτε
1593 418 1728 469 ἀλλή-

107 502 202 554 λοις
243 501 336 545 οὔτε
381 502 613 557 Ἐπικούρῳ
658 498 784 553 μηδὲν
825 501 882 550 εἷς
921 497 1068 552 μηδέν,
1119 500 1246 541 ὅτου
1295 501 1377 540 καὶ
1419 500 1728 550 μνησθῆναι

108 579 289 629 ἄξιονῖ
337 578 437 622 ἀλλ’
478 579 588 620 ἔστιν
618 578 763 626 αὐτοῖς
795 577 1100 632 παρανόμημα,
1131 575 1301 629 μᾶλλον
1333 574 1373 617 δὲ
1405 573 1618 630 ἀσέβημα,
1664 578 1728 617 καὶ

109 660 389 713 κατέγνωσται
420 657 467 698 τὸ
500 657 795 709 καινοτομηὲέν
823 654 862 705 ¹).
904 654 1030 696 Multi
1050 654 1135 694 iam
1157 653 1238 694 Viri
1260 652 1371 694 docti
1392 652 1702 707 investigarunt
1718 685 1729 706 ,

105 735 257 791 quibus
303 733 474 775 tandem
520 734 656 775 causis
685 733 844 774 factum
876 732 954 785 sit,
997 735 1046 772 ut
1077 744 1222 772 omnes
1253 730 1452 786 Epicurei
1485 734 1604 772 tanta
1634 744 1729 771 cum

107 812 189 853 fide
235 812 484 866 magistrum
532 811 666 852 secuti
713 811 795 850 sint
841 809 1014 864 eiusque
1047 808 1279 850 doctrinam
1307 808 1572 849 immutatam
1605 807 1730 849 tradi-

109 888 261 930 derint.
324 889 431 930 Sunt
473 888 545 944 qui
585 891 737 943 putent
768 887 812 928 id
842 887 999 928 factum
1031 900 1122 928 esse
1152 890 1325 942 propter
1353 885 1485 941 ipsius
1515 885 1731 927 morientis

108 967 281 1022 Epicuri
327 970 654 1019 testamentum,
702 979 827 1021 quem
873 964 1016 1006 dicunt
1061 970 1151 1014 τοῖς
1198 964 1340 1020 φίλοις
1389 963 1730 1019 παραγγείλαντα

108 1049 192 1087 τῶν
239 1043 460 1100 δογμάτων
501 1046 754 1097 μεμνῆσθαι,
801 1043 909 1084 οὕτω
954 1042 1189 1091 τελευτῆσαι
1210 1039 1253 1094 2).
1315 1039 1400 1082 Sed
1440 1040 1607 1081 difficile
1646 1054 1731 1081 non

109 1126 173 1163 est
217 1121 271 1164 ad
314 1121 649 1176 intellegendum
691 1119 897 1162 eiusmodi
942 1123 1215 1175 praeceptum
1245 1119 1405 1160 nullam
1434 1117 1590 1159 habere
1621 1118 1730 1171 vim,

109 1200 190 1241 nisi
235 1214 399 1241 summa
443 1200 602 1255 pietate
645 1198 839 1253 discipuli
876 1198 1006 1239 talem
1036 1197 1284 1252 magistrum
1315 1202 1582 1237 venerentur.
1642 1195 1732 1237 Alii

110 1291 210 1332 ergo
252 1278 295 1318 in
334 1277 412 1318 hac
445 1291 547 1332 erga
576 1276 826 1331 magistrum
857 1276 1016 1331 pietate
1048 1289 1217 1316 causam
1249 1274 1461 1315 doctrinae
1493 1273 1733 1315 stabilitatis

109 1355 375 1396 invenerunt.
437 1354 493 1396 Et
536 1368 687 1395 revera
732 1354 860 1395 etiam
905 1353 1129 1395 Lucretius
1174 1357 1316 1393 sancte
1362 1356 1576 1408 tamquam
1608 1351 1733 1393 deum

109 1438 337 1476 veneratur
382 1432 643 1488 Epicurum:
695 1446 818 1485 „nam
858 1431 916 1485 si,
962 1435 1009 1472 ut
1050 1431 1143 1487 ipsa
1186 1430 1294 1486 petit
1337 1431 1535 1472 maiestas
1565 1430 1734 1485 cognita

109 1526 278 1565 rerum,
313 1511 537 1552 dicendum
569 1515 660 1564 est,
699 1510 801 1552 deus
831 1510 903 1551 ille
934 1509 1034 1563 fuit,
1068 1509 1197 1563 deus,
1228 1509 1387 1564 inclyte
1417 1508 1615 1562 Memmi,
1661 1507 1733 1564 qui

108 1590 305 1647 princeps
351 1590 465 1631 vitae
508 1589 716 1630 rationem
760 1588 924 1629 invenit
964 1601 1080 1641 eam,
1122 1601 1231 1644 quae
1261 1601 1372 1628 nunc
1405 1586 1642 1642 appellatur
1671 1600 1734 1628 sa·

109 1667 297 1724 pientia⁷’
321 1667 380 1722 3),
430 1671 472 1708 et
517 1667 589 1723 qui
635 1666 725 1722 ipse
773 1666 882 1706 dixit
929 1665 1162 1721 sapientem
1193 1664 1336 1705 vivere
1369 1665 1426 1713 ὡς
1457 1664 1556 1706 κθεὸν
1589 1665 1630 1706 ἐν
1662 1663 1734 1706 ἆυ-

110 1747 298 1802 ἓφώποις
319 1744 362 1799 4).
396 1769 449 1774 —
481 1744 542 1786 At
572 1743 677 1785 haec
708 1744 844 1799 pietas
875 1757 1019 1784 rursus
1050 1747 1113 1784 est
1144 1746 1426 1784 consentanea
1455 1741 1528 1783 alii
1560 1754 1733 1794 causae,

110 1836 218 1879 quae
263 1822 308 1863 in
353 1822 445 1878 ipsa
487 1821 676 1863 doctrina
707 1821 947 1877 quaerenda
978 1824 1052 1862 est.
1114 1820 1342 1861 Doctrinae
1373 1818 1614 1860 stabilitatis
1644 1818 1736 1874 ipsa

111 1900 302 1942 doctrina
333 1904 424 1941 erat
458 1914 608 1953 causa,
641 1913 776 1955 quae,
810 1912 905 1939 cum
937 1897 1128 1939 sensibus
1159 1897 1257 1939 solis
1287 1896 1492 1937 tribueret
1512 1896 1735 1937 veritatem

109 1983 152 2021 et
183 1982 425 2020 constanter
455 1978 535 2019 hoc
566 1977 822 2033 principium
850 1979 1199 2032 persequeretur,
1241 1988 1447 2015 summam
1480 1973 1736 2015 evidentiam

109 2057 288 2113 peperit.
349 2056 559 2112 Epicurus
603 2055 787 2111 plurima
831 2058 874 2095 et
918 2053 1166 2108 gravissima
1212 2052 1356 2094 debuit
1402 2051 1600 2106 dogmata
1643 2050 1737 2092 illu-

109 2134 313 2176 strissimo
360 2133 626 2189 antiquitatis
671 2132 847 2188 physico
878 2131 1123 2173 Democrito
1144 2130 1174 2181 5)
1224 2134 1266 2171 et
1296 2129 1400 2171 haec
1432 2129 1610 2185 placita,
1656 2127 1738 2169 m‘si

110 2217 279 2254 nostrae
326 2212 477 2253 aetatis
524 2211 808 2252 instrumenta
838 2214 880 2251 et
911 2209 1205 2265 experimenta
1235 2208 1388 2249 tacitus
1420 2211 1635 2263 tamquam
1666 2220 1738 2248 an-

112 2290 242 2346 tiquis
273 2289 534 2346 temporibus
564 2293 665 2331 nota
695 2303 863 2342 sumaS,
896 2288 967 2344 qui
998 2290 1122 2343 putes
1151 2285 1325 2327 refutari
1356 2285 1510 2341 posse?
1569 2285 1622 2326 In
1651 2298 1738 2326 me-

112 2368 240 2410 teoris
272 2371 438 2408 tantum
471 2366 734 2423 explicandis
767 2365 960 2421 discipuli
991 2379 1015 2406 a
1043 2363 1245 2418 magistro
1275 2376 1359 2404 non
1391 2362 1672 2416 tenebantur,
1704 2361 1739 2403 si

112 2444 236 2486 modo
284 2444 470 2485 divinam
515 2448 710 2486 naturam
741 2443 794 2485 ad
823 2443 928 2484 haec
959 2456 1043 2483 non
1073 2441 1359 2483 admoverent.
1420 2439 1533 2494 Ergo
1564 2439 1740 2495 physica

113 2522 291 2578 Epicuri
323 2522 479 2563 mutari
511 2537 536 2563 a
567 2521 783 2578 discipulis
812 2535 897 2562 non
927 2523 1146 2576 poterant,
1188 2532 1286 2560 nam
1317 2517 1445 2559 etiam
1477 2531 1527 2559 ea
1546 2550 1556 2570 ,
1587 2516 1740 2573 quibus

160 2686 182 2727 ')
229 2686 349 2719 Euseb.
381 2697 490 2727 praep.
514 2687 564 2718 ed.
588 2686 692 2725 XIV,
727 2688 765 2725 5,
800 2686 887 2727 apud
911 2685 1048 2724 Hirzel‚
1081 2683 1380 2724 Untersuehungeu
1403 2693 1446 2714 zu
1469 2681 1610 2714 Cicero's
1631 2680 1738 2723 philo-

116 2748 312 2790 sophischen
336 2749 522 2788 Schriften,
546 2760 578 2790 p.
605 2751 676 2781 100.

160 2810 190 2852 ²)
236 2811 278 2843 D.
303 2811 341 2843 L.
365 2812 420 2851 X,
447 2814 496 2843 16.

160 2873 187 2915 ³)
233 2872 280 2913 V,
303 2884 351 2906 vs.
377 2875 394 2907 7
419 2884 507 2916 seqq.

161 2935 189 2978 4)
236 2936 279 2968 D.
302 2936 340 2968 L.
364 2936 418 2976 X,
445 2938 515 2968 135.

163 2997 187 3036 ⁵)
234 2997 284 3030 Cf.
309 2997 425 3030 Hirzel
447 2998 468 3029 1.
492 2997 514 3030 1.
