1894 3235
289 232 322 273 I.
355 247 415 273 vs.
449 234 531 274 244
563 246 704 288 seqq.:

171 306 313 358 „Inter
353 320 396 347 se
438 307 535 362 quia
565 320 701 347 nexus
732 305 883 360 princi-

111 380 275 435 piorum
298 380 519 421 dissimiles
542 384 733 422 constant
750 384 884 420 aeter-

112 467 248 510 naque
294 454 490 495 materies
547 458 636 506 est,
685 453 885 493 incolumi

111 533 331 570 remanent
360 542 427 569 res
459 541 630 582 corpore
654 558 662 566 .
679 559 687 567 .
708 559 740 567 ..
772 526 886 568 haud

110 603 239 657 igitur
284 602 393 643 redit
439 601 491 642 ad
531 601 663 641 nilum
704 615 770 641 res
801 601 888 642 ulla

113 677 187 717 sed
229 690 374 717 omnes
421 675 592 716 discidio
634 675 812 716 redeunt
844 675 887 715 in

112 765 286 806 corpora
315 749 553 791 materiai.”

894 99 948 140 24

1125 234 1159 274 Ι.
1191 247 1251 274 vs.
1286 234 1367 274 543
1401 247 1543 288 seqq.:

1013 307 1095 358 „At
1126 307 1321 362 quoniam
1351 321 1475 362 supra
1508 306 1627 348 docui
1664 306 1724 347 nil

918 418 919 449 ἦ
952 394 1072 436 posse
1104 382 1235 422 creari
1269 381 1318 422 de
1350 381 1435 421 nilo
1458 394 1593 436 neque
1616 379 1726 436 quod

918 455 919 459 ’
953 455 1143 509 genitum
1167 460 1229 496 est
1251 455 1303 496 ad
1324 455 1381 495 nil
1404 454 1611 507 revocari,
1636 468 1725 495 esse

953 529 1180 570 immortali
1211 528 1438 584 primordia
1464 542 1635 584 corpore
1658 522 1727 569 de-

953 602 1082 655 bent,
1117 603 1285 644 dissolui
1323 617 1402 659 quo
1440 616 1630 658 quaeque
1663 616 1728 643 su-

955 690 1099 731 premo
1121 681 1309 732 tempore
1332 677 1491 732 possint
1511 710 1519 729 ,
1541 676 1728 718 materiis

921 773 923 788 .
956 754 1002 790 ut
1026 750 1265 805 subpeditet
1296 751 1421 792 rebus
1442 750 1727 806 reparandis.'’

171 875 406 931 Epicurus,
450 874 655 930 siquidem
688 889 742 916 ex
773 875 961 930 epistolis
993 875 1225 931 ceterisque
1256 875 1502 931 fragmentis
1534 875 1583 917 de
1615 875 1729 917 hisce

109 954 235 995 rebus
267 952 496 994 diiudicare
533 967 766 1008 possumus,
802 967 882 994 non
914 952 1026 993 idem
1057 953 1101 993 in
1133 953 1281 994 vitium
1313 953 1471 995 incidit.
1533 954 1609 995 Ait
1641 953 1730 1009 qui-

112 1031 207 1072 dem
252 1030 480 1086 primordia
516 1044 655 1071 rerum
687 1045 778 1072 esse
812 1031 941 1083 ἄτομα
975 1034 1035 1073 καὶ
1069 1030 1366 1086 ἀμετάβλητα,
1415 1031 1522 1087 εἴπερ
1553 1033 1607 1084 μὴ
1637 1031 1732 1084 με’λ-

111 1110 173 1152 λει
213 1111 346 1152 πάντα
380 1112 437 1158 εἰς
468 1111 514 1152 τὸ
546 1111 600 1163 μὴ
634 1111 683 1152 ὃν
716 1113 1028 1166 φθαρήσεσθαι,
1079 1109 1177 1152 ἀλλ’
1209 1112 1412 1166 ἰσχύοντα
1444 1111 1659 1162 ὑπομένειν
1690 1111 1732 1152 ἐν

110 1194 201 1236 ταῖς
248 1186 459 1230 διαλύσεσι
508 1191 590 1229 τῶν
629 1191 887 1243 συγκρίσεων
915 1187 965 1241 ¹),
1015 1187 1086 1228 sed
1118 1187 1190 1228 illa
1222 1187 1454 1242 principia,
1503 1186 1553 1227 de
1584 1187 1734 1243 quibus

112 1279 245 1307 sermo
291 1270 408 1318 erat,
456 1264 768 1305 dialecticorum
804 1278 920 1305 more
952 1264 1145 1320 probavit
1178 1279 1296 1318 esse,
1342 1264 1581 1320 primordiis
1611 1265 1734 1306 omis-

113 1343 181 1384 sis.
215 1368 268 1372 —-
302 1342 386 1385 Sed
416 1356 655 1398 pergamus.

172 1421 305 1463 Addit
346 1425 472 1476 poeta
517 1421 629 1462 aliud
661 1424 979 1475 argumentum,
1027 1420 1136 1477 quod
1168 1421 1423 1462 simillimum
1456 1426 1518 1462 cst
1550 1420 1619 1473 ei,
1653 1434 1734 1476 quo

115 1515 214 1541 usus
247 1504 309 1541 est
341 1504 484 1552 antea,
516 1499 568 1540 ad
591 1513 799 1540 summum
822 1498 1021 1554 physicae
1050 1500 1301 1555 principium
1322 1499 1595 1555 probandum.
1629 1499 1735 1540 Sunt

115 1579 271 1631 atomi,
304 1592 401 1618 nam
431 1577 629 1619 materies
660 1591 743 1618 non
777 1577 829 1618 ad
860 1577 1070 1618 infinitum
1103 1577 1232 1618 dividi
1264 1582 1423 1632 potest3
1456 1578 1488 1618 si
1522 1577 1633 1618 enim
1665 1591 1735 1618 na-

114 1660 209 1698 tura
237 1656 364 1697 finem
396 1670 479 1696 non
511 1655 718 1710 posuisset
750 1655 874 1695 rebus
897 1654 1153 1709 frangendis,
1186 1655 1268 1696 iam
1302 1669 1350 1696 eo
1383 1654 1610 1696 destructio
1642 1669 1734 1711 pro-

116 1748 259 1790 gressa
290 1738 428 1787 esset,
460 1739 508 1775 ut
539 1734 654 1774 nulla
685 1747 751 1774 res
783 1733 918 1774 adhuc
950 1733 1098 1775 durare
1131 1738 1298 1788 posset3
1336 1733 1498 1774 facilius
1529 1733 1641 1774 enim
1673 1738 1736 1775 est

117 1813 333 1855 destruere
375 1827 499 1869 quam
541 1816 783 1853 construere
804 1811 846 1866 2).
908 1811 1003 1853 Hae
1035 1812 1162 1853 atomi
1194 1826 1316 1867 porro
1348 1811 1504 1853 solidae
1535 1815 1578 1853 et
1609 1811 1736 1853 durae

117 1905 208 1933 esse
240 1890 423 1944 debent,
457 1890 653 1946 quoniam
686 1890 720 1931 si
752 1889 908 1931 solidae
940 1893 1065 1942 sunt,
1096 1889 1211 1930 inani
1243 1889 1459 1943 admixto,
1491 1903 1558 1930 res
1588 1889 1736 1930 molles

118 1968 290 2025 produci
331 1972 533 2024 possunt,
582 1982 704 2020 cum,
751 1968 785 2009 si
826 1968 942 2024 ipsae
981 1967 1128 2008 molles
1161 1971 1320 2020 essent,
1353 1981 1436 2008 non
1467 1967 1734 2022 perspicuum

118 2050 251 2100 esset,
285 2047 356 2102 qui
387 2045 543 2087 solidae
575 2060 642 2087 res
674 2049 841 2087 exstare
873 2049 1054 2101 possent.
1119 2045 1224 2086 Cum
1246 2050 1386 2086 autem
1411 2044 1545 2086 adhuc
1567 2058 1739 2100 corpora

121 2124 297 2178 durent,
331 2138 504 2165 necesse
537 2129 622 2176 est,
655 2128 847 2165 constent
880 2137 901 2164 6
933 2123 1198 2179 primordiiS,
1232 2137 1337 2178 quae
1370 2123 1473 2164 dura
1502 2123 1607 2176 sint,
1640 2122 1738 2178 quia

119 2207 206 2244 tam
239 2202 309 2243 diu
339 2203 423 2243 iam
454 2203 676 2243 immutata
707 2202 904 2243 existant.
952 2201 1145 2257 Denique
1178 2201 1405 2242 secundum
1438 2205 1572 2242 certas
1601 2201 1737 2255 leges,

119 2295 195 2337 per
231 2280 424 2333 „foedera
453 2280 646 2321 naturai’'
680 2294 823 2321 omnes
851 2294 917 2320 res
951 2283 1144 2320 crescunt
1175 2279 1247 2332 ita,
1279 2283 1338 2332 ut,
1371 2279 1556 2334 exempli
1588 2279 1736 2333 gratia,

119 2358 293 2400 eaedem
339 2371 437 2399 aves
484 2372 649 2413 semper
680 2357 828 2398 iisdem
860 2358 1023 2399 niteant
1055 2356 1290 2409 coloribus,
1330 2356 1461 2412 quod,
1505 2370 1599 2397 cum
1630 2356 1738 2398 colo-

119 2450 208 2490 res,
254 2436 411 2491 figura,
457 2435 702 2491 magnitudo
734 2435 946 2491 pendeant
983 2435 1034 2476 ab
1063 2434 1207 2475 ordine
1248 2439 1510 2488 atomorum,
1541 2434 1632 2476 fieri
1653 2448 1737 2475 non

118 2518 282 2570 posset,
314 2514 393 2555 nisi
426 2519 566 2555 essent
597 2518 737 2569 partes
759 2513 963 2569 quaedam
985 2512 1270 2553 immutabiles
1287 2511 1333 2566 ³),
1365 2526 1388 2553 e
1420 2512 1570 2568 quibus
1593 2526 1737 2554 omnes

163 2620 186 2658 1)
233 2619 275 2650 D.
301 2618 338 2650 L.
364 2618 419 2656 X,
445 2620 496 2649 41.

161 2682 186 2719 ²)
233 2681 274 2713 D.
300 2681 336 2713 L.
362 2681 413 2719 X,
439 2683 500 2712 56:
526 2681 604 2712 ὥστ’
631 2681 670 2712 οὐ
696 2682 798 2721 μόνον
824 2682 886 2719 τὴν
910 2679 955 2717 εἰς
971 2681 1111 2721 ἄπειρον
1129 2682 1236 2720 τομὴν
1253 2681 1308 2712 ἐπὶ
1325 2681 1520 2713 τοῦλαττον
1535 2679 1737 2721 ἀναιρετέον,

117 2745 175 2777 ἰ’να
209 2746 252 2785 μή
277 2745 377 2777 πάντ’
405 2745 530 2783 ἀσθενῆ
555 2747 700 2782 ποιῶμεν
724 2745 777 2775 καὶ
801 2744 845 2781 ὡς
869 2743 904 2775 ἐν
928 2745 1004 2780 ταῖς
1028 2743 1228 2785 περιλήψεσι
1253 2747 1320 2776 τῶν
1343 2745 1478 2785 ἁθρόων
1502 2743 1546 2781 εἰς
1570 2746 1607 2776 τὸ
1630 2744 1674 2783 μή
1697 2743 1736 2774 ὃν

120 2809 389 2850 ἀναγκαζώμεθα
413 2809 454 2840 τὰ
478 2808 561 2840 ὄντα
585 2807 766 2848 θλίβοντες
790 2808 1068 2844 καταναλίσκειν,
1093 2810 1169 2838 cett.

163 2871 187 2910 ²,
236 2871 277 2902 D.
305 2871 341 2902 L.
367 2871 416 2909 X,
441 2873 499 2902 43:
525 2870 600 2903 οὐδὲ
623 2872 685 2913 γὰρ
709 2872 811 2912 φησὶν
834 2869 1015 2911 ἐνδοτέρω,
1041 2870 1084 2908 εἰς
1107 2871 1249 2911 ἄπειρον
1272 2869 1292 2908 ἡ
1314 2871 1398 2911 τομὴ
1421 2869 1599 2911 τυγχάνει,
1624 2868 1736 2907 ἐπειδὴ

119 2934 152 2967 αἱ
176 2934 353 2973 ποιότητες
376 2934 674 2974 μεταβάλλονται,
701 2934 726 2966 εἰ
748 2935 792 2974 μή
818 2934 931 2975 μέλλει
955 2945 1006 2971 τις
1029 2935 1084 2965 καὶ
1109 2935 1180 2971 τοῖς
1201 2933 1373 2975 μεγέθεσιν
1397 2933 1514 2970 ἁπλῶς
1537 2932 1581 2970 είς
1597 2933 1737 2974 ἄπειρον

123 3011 141 3028 u
150 2997 229 3034 ῠτίις
252 2996 440 3035 ἐκβάλλειν.
