1921 3235
933 115 1011 154 179

171 246 258 287 curi
298 250 438 287 mente
480 246 706 287 decessisse
753 247 916 288 dicitur.
976 247 1206 304 Plerosque
1249 252 1413 302 tamen,
1455 249 1488 289 si
1519 252 1632 290 recte
1662 249 1776 290 vide-

151 338 288 380 ν111118,
334 323 412 365 1100
443 324 616 376 fefellit,
664 324 772 379 quod
816 325 1060 365 Lucretium
1092 338 1186 365 cum
1227 324 1481 380 Empedocle
1513 329 1776 380 comparant,

170 404 394 455 antequam
435 404 671 441 accuratam
713 401 979 441 collationem
1011 401 1252 442 Lucretiani
1274 401 1469 443 carminis
1489 415 1583 442 cum
1604 401 1776 456 Epicuri

168 477 416 531 scriptorum
446 477 633 532 reliquiis
664 477 951 530 instituerint,
991 492 1071 533 quo
1102 477 1259 518 factum
1290 482 1353 518 est
1384 481 1430 519 ut
1459 478 1775 532 congruentiam

169 554 376 609 quandam
408 554 779 595 animadverterint
809 555 919 595 inter
951 554 1052 595 duos
1081 555 1174 596 illos
1205 559 1376 610 poetas,
1408 569 1491 596 non
1521 559 1662 596 tamen
1684 569 1775 610 per-

171 631 387 686 spexerint
435 636 602 686 poetam
654 631 759 673 haec
811 632 1094 687 Empedoclea
1139 632 1250 674 dicta
1296 647 1350 673 ex
1396 632 1568 688 Epicuri
1614 633 1777 688 scriptis

167 707 335 748 haurire
378 708 590 762 potuisse,
638 722 761 763 quem
802 708 1073 762 Agrigentini
1112 710 1266 764 scripta
1295 709 1447 763 legisse
1479 723 1621 750 omnes
1650 709 1773 750 facile

167 785 411 825 concedunt.
487 785 618 825 Nobis
669 786 798 839 igitur
844 785 1185 840 investigandum
1233 790 1313 839 cst,
1364 801 1465 826 num
1515 787 1558 827 in
1589 787 1775 828 Lucretii

167 862 348 904 carmine
396 866 509 903 certa
539 862 691 903 indicia
721 863 1015 916 inveniantur,
1049 877 1070 903 e
1103 863 1253 918 quibus
1284 878 1376 904 cum
1409 864 1620 904 evidentia
1650 878 1775 919 appa-

166 943 256 980 reat
302 953 398 980 eum
439 939 746 995 Empedocleae
789 939 1080 995 philosophiae
1126 941 1219 995 plus
1251 954 1400 995 operae
1433 941 1617 994 dedisse,
1650 955 1774 997 quam

166 1021 371 1072 quatenus
403 1031 457 1058 ex
488 1017 659 1072 Epicuri
692 1018 856 1072 scriptis
889 1031 981 1058 eam
1013 1032 1175 1058 sumere
1207 1019 1402 1073 potuerit.

222 1094 273 1133 In
318 1094 423 1134 libro
464 1094 511 1145 I,
559 1108 617 1134 vs.
667 1095 860 1134 716—33
903 1094 1126 1134 Lucretius
1168 1095 1286 1135 elatis
1316 1095 1553 1150 pulcrisque
1584 1095 1773 1136 versibus

165 1171 309 1211 laudes
340 1172 450 1212 canit
483 1171 566 1211 divi
598 1171 892 1226 Empedoclis,
935 1186 1036 1226 quos
1067 1185 1212 1212 versus
1242 1172 1495 1213 Miillachius
1525 1172 1696 1213 adhibet
1726 1176 1773 1213 ut

165 1248 339 1303 probet,
377 1249 612 1300 „neminem
643 1249 752 1289 inter
783 1249 942 1303 priores
974 1249 1209 1289 divinarum
1241 1249 1601 1305 humanorumque
1632 1264 1772 1290 rerum

164 1326 385 1380 magistros
428 1326 562 1380 magis
602 1326 929 1380 Agrigentinum
969 1332 1108 1367 vatem
1140 1327 1391 1367 admiratum
1422 1331 1546 1383 atque
1577 1328 1621 1367 in
1651 1341 1772 1382 argu-

163 1409 305 1445 mento
352 1405 540 1459 quamvis
583 1404 771 1445 dissimili
812 1408 1000 1445 secutum
1034 1418 1149 1458 esse,
1185 1419 1308 1460 quam
1340 1405 1387 1446 T.
1420 1406 1664 1446 Lucretium
1697 1405 1773 1447 Ca-

163 1483 282 1523 rum’'
309 1484 354 1536 ¹).
392 1482 618 1536 Attamen,
651 1483 772 1538 quid,
795 1496 947 1537 quaeso
967 1515 976 1535 ,
1010 1483 1225 1523 continent
1245 1483 1288 1523 hi
1310 1498 1468 1537 versus,
1491 1484 1601 1524 unde
1623 1484 1772 1525 merito

164 1561 410 1602 concludere
442 1561 573 1615 possis
605 1566 771 1615 poetam
803 1560 1100 1615 Empedoclem
1132 1574 1213 1601 non
1240 1561 1349 1602 fama
1372 1562 1458 1602 sola
1478 1575 1623 1602 verum
1646 1562 1772 1602 etiam

163 1639 326 1694 scriptis
356 1639 513 1679 nosse?
574 1638 856 1680 Continentne
889 1639 1021 1678 ullum
1052 1638 1234 1691 factum,
1268 1638 1377 1694 quod
1407 1639 1531 1694 lippis
1563 1643 1604 1680 et
1635 1643 1772 1680 tonso-

162 1717 276 1757 ribus
335 1730 418 1757 non
476 1720 622 1757 notum
672 1717 825 1757 fucrit?
899 1716 995 1771 Ipse
1041 1716 1345 1770 Agrigentinus
1392 1716 1571 1757 cecinit:
1619 1716 1772 1773 χαίρετ’

162 1795 242 1850 ἐγὼ
285 1793 318 1837 δ’
366 1793 488 1847 ὔμμιν
534 1796 631 1845 θεὸς
672 1793 912 1849 ἄμβροτος,
962 1794 1092 1835 οὐκέτι
1124 1796 1280 1843 θνητός
1297 1793 1350 1847 2),
1401 1794 1474 1834 sed
1503 1793 1582 1834 hoo
1615 1794 1770 1835 dictum

162 1885 298 1911 nonne
328 1874 417 1912 erat
447 1871 776 1926 pervulgatum?
795 1872 838 1920 3).
901 1870 1144 1911 Lucretiani
1174 1884 1319 1911 versus
1350 1870 1650 1926 Empedoclem
1681 1875 1771 1912 tan-

162 1952 248 1989 tam
289 1948 549 2003 depingunt,
598 1948 763 2003 qualem
794 1947 904 1988 fama
934 1950 976 1987 et
1007 1947 1226 1988 admiratio
1258 1948 1375 2003 quasi
1407 1962 1482 2003 per
1511 1962 1660 1989 manus
1690 1952 1772 1989 tra-

163 2025 249 2065 dita
294 2038 390 2065 eum
435 2024 674 2065 laudabant.
735 2024 962 2064 Praeterea
1007 2028 1101 2078 post
1145 2028 1304 2065 tantam
1349 2025 1516 2066 laudem
1552 2029 1771 2080 exspectas

161 2107 329 2158 poetam
375 2117 617 2157 germanam
661 2102 928 2157 Empedoclis
971 2102 1200 2143 doctrinam
1240 2103 1470 2143 relaturum
1502 2117 1614 2156 esse,
1660 2103 1771 2159 quod

162 2185 302 2221 tamen
348 2181 544 2221 omittens
591 2194 683 2221 eam
726 2181 785 2220 ita
831 2194 926 2221 cum
971 2179 1151 2220 aliorum
1199 2179 1395 2221 doctrinis
1436 2181 1680 2235 coniungit,
1724 2184 1770 2221 ut

163 2258 347 2312 singulas
393 2258 628 2299 discernere
674 2272 758 2298 non
798 2257 944 2313 possis.
1007 2257 1118 2305 Quin
1165 2257 1291 2298 etiam
1338 2271 1361 2298 e
1407 2271 1487 2298 vss.
1537 2259 1616 2299 753
1655 2272 1767 2314 seqq.

161 2339 278 2390 patet
318 2349 414 2376 eum
463 2349 515 2376 ne
560 2335 793 2391 inspexisse
841 2335 1009 2390 quidem
1060 2335 1215 2388 libros,
1248 2335 1319 2390 qui
1343 2335 1596 2389 doctrinam,
1644 2350 1769 2391 quam

159 2412 340 2465 refellit,
382 2413 608 2453 continent.
669 2412 739 2453 An
784 2416 906 2468 putas
951 2412 1038 2453 fore
1080 2416 1126 2453 ut
1172 2413 1433 2468 scripsisset,
1470 2413 1575 2466 „huc
1607 2414 1768 2455 accedit

160 2490 271 2543 utei,
317 2490 513 2545 quoniam
558 2490 785 2545 primordia
828 2505 968 2531 rerum
1014 2490 1156 2531 mollia
1208 2491 1494 2544 constituunt,
1546 2505 1652 2546 quae
1692 2505 1767 2533 nos

161 2567 304 2608 nativa
352 2567 542 2608 videmus
588 2581 678 2609 esse
716 2572 758 2609 et
802 2568 969 2609 mortali
1014 2582 1109 2609 cum
1155 2582 1353 2623 corpore,
1399 2568 1586 2609 funditus
1635 2582 1767 2625 usque

162 2643 312 2684 debeat
358 2643 411 2684 ad
450 2644 582 2685 nilum
622 2644 705 2685 iam
744 2659 884 2686 rerum
926 2659 1087 2686 summa
1126 2645 1281 2686 reverti
1323 2645 1373 2686 de
1413 2646 1582 2702 niloque
1622 2650 1768 2689 renata

160 2721 375 2774 vigescere
407 2721 525 2776 copia
554 2721 750 2775 rerum'’,
782 2722 816 2763 si
847 2722 959 2778 apud
989 2722 1289 2778 Empedoclem
1318 2722 1517 2778 legisset:

203 2855 227 2896 ¹)
274 2854 404 2895 Fragm.
427 2853 507 2894 phil.
531 2854 569 2894 Ι,
591 2865 622 2896 p.
646 2855 740 2888 XIV.

201 2917 229 2958 ²)
272 2916 316 2949 D.
337 2916 376 2948 L.
399 2915 510 2955 VIII,
537 2918 589 2950 62.

202 2979 228 3020 ³)
273 2978 397 3018 Zella,
422 2978 461 3018 I,
485 2979 567 3018 678,
590 2981 657 3012 not.
683 2981 711 3012 1.
