1894 3235
924 135 976 175 91)

145 284 224 311 nae
269 274 415 326 postea.
459 269 694 310 videbimus
741 283 764 309 a
810 268 1021 323 plerisque
1069 266 1252 321 antiquis
1283 263 1545 320 philosophis
1576 263 1759 304 alienum
1806 292 1809 297 .

146 361 235 389 esse
254 380 263 401 ‚
296 347 369 388 sed
399 362 492 388 cum
523 347 707 387 maxime
740 360 834 386 cum
857 345 1128 386 eruditissimi
1150 344 1275 384 huius
1298 342 1448 383 aetatis
1470 341 1550 382 viri
1572 341 1760 381 doctrina

146 439 388 480 congruere.

205 503 411 550 Quoniam
457 502 559 543 haec
590 516 686 556 pars
718 505 863 556 postea
894 515 918 541 a
948 504 1072 555 poeta.
1103 504 1165 539 est
1197 499 1375 551 inserta⁷
1407 511 1480 550 ea⁷
1512 510 1618 552 quae
1650 510 1761 536 nunc

146 584 399 636 sequuntur⁷
432 579 725 633 coniungenda
756 582 853 619 sunt
885 593 978 618 cum
1009 592 1068 618 vs.
1102 579 1180 617 821
1217 581 1259 617 et
1281 576 1351 631 qui
1372 574 1642 630 praecedunt.
1675 573 1761 614 Ex-

145 659 374 713 plicaturus
421 661 483 697 est
513 661 639 711 pocta
674 656 769 711 „qui
800 656 871 696 fiat
904 656 965 696 uti
996 669 1142 710 passus
1174 654 1358 708 proferre
1391 666 1620 708 queamus,
1668 664 1763 691 cum
1818 678 1821 680 v

146 736 365 788 volumus,
411 735 609 789 varieque
643 734 786 774 datum
818 734 870 773 sit
902 733 1089 773 membra
1119 745 1316 783 movere,
1366 735 1407 771 et
1439 744 1544 785 quae
1576 743 1642 769 res
1674 733 1763 769 tan-

146 817 236 854 tum
266 812 344 853 hoc
376 812 513 853 oneris
545 811 791 867 protrudere
824 811 953 851 nostri
986 810 1169 864 corporis
1201 809 1378 849 insuerit
1412 839 1594 848 .....
1656 806 1763 847 Dico

145 891 284 932 animo
331 894 471 931 nostro
518 890 698 944 primum
742 889 962 929 simulacra
1002 886 1170 928 meandi
1201 886 1390 927 accidere
1422 890 1546 940 atque
1578 884 1764 925 animum

145 969 341 1023 pulsare,
373 972 420 1008 ut
452 967 635 1007 diximus
667 971 776 1007 ante..
839 965 943 1006 Inde
975 965 1169 1005 voluntas
1201 964 1274 1004 fit:
1316 976 1452 1018 neque
1485 962 1597 1002 enim
1627 961 1764 1002 facere

145 1046 293 1101 incipit
324 1046 454 1086 ullam
485 1059 574 1085 rem
607 1045 850 1099 quisquam,
884 1057 1007 1098 (11111111
1028 1056 1147 1082 1116113
1170 1041 1372 1096 providit,
1406 1039 1507 1095 quid
1528 1039 1630 1080 velit
1653 1042 1762 1079 ante.

146 1124 197 1165 Id
242 1123 352 1179 quod
396 1123 617 1178 providet,
664 1123 776 1162 1111113
822 1121 883 1162 rei
922 1125 1083 1161 constat
1114 1120 1266 1173 imago.
1329 1118 1441 1172 Ergo
1474 1118 1638 1158 animus
1669 1129 1765 1157 cum

147 1215 238 1242 sese
280 1201 341 1241 ita
373 1204 606 1241 commovet
639 1204 685 1240 ut
716 1199 819 1239 velit
850 1199 910 1239 ire
942 1199 1068 1253 inque
1101 1197 1246 1252 gredi,
1285 1196 1380 1237 ferit
1412 1195 1626 1250 extemplo
1658 1208 1764 1250 quae

146 1279 190 1319 in
237 1292 408 1333 corpore
455 1282 569 1330 1010,
616 1291 691 1331 per
736 1276 925 1316 membra
969 1279 1093 1330 atque
1141 1279 1284 1326 artus,
1331 1273 1484 1314 animai
1527 1273 1670 1313 dissita
1701 1272 1765 1312 vis

148 1360 238 1396 est:
281 1360 322 1396 et
352 1355 515 1396 facilest
546 1355 687 1407 factu,
735 1353 931 1409 quoniam
964 1352 1185 1392 coniuncta
1216 1355 1395 1391 tenetur.
1457 1350 1561 1390 Inde
1594 1364 1643 1390 ea
1673 1363 1766 1404 pro-

147 1448 269 1489 porro
316 1447 464 1488 corpus
508 1432 632 1485 ferit,
681 1436 806 1487 atque
852 1431 911 1471 1111
957 1434 1044 1470 tota
1086 1429 1289 1484 paulatim
1334 1428 1466 1468 moles
1506 1427 1766 1482 protruditur

147 1516 273 1567 atque
318 1510 537 1551 movetur'’
565 1509 604 1563 ¹).
665 1510 721 1550 Ni
769 1509 952 1549 fallimur
998 1507 1220 1548 Lucretius
1265 1505 1332 1546 hic
1367 1505 1445 1546 sibi
1476 1519 1559 1545 non
1592 1508 1765 1545 constat.

147 1590 257 1630 Nam
295 1589 338 1629 in
369 1589 475 1628 libro
508 1587 718 1639 secundo,
762 1591 808 1626 ut
839 1586 1048 1638 vidimus,
1096 1584 1202 1624 dixit
1233 1583 1446 1624 hominem
1480 1582 1635 1623 habere
1666 1582 1768 1622 libe-

147 1681 236 1708 ram
282 1667 570 1718 voluntatem3
617 1664 778 1706 addidit
823 1678 922 1704 vero
966 1663 1015 1703 de
1061 1662 1271 1703 motibus:
1325 1665 1395 1713 „ut
1441 1660 1585 1701 videas
1615 1660 1767 1700 initum

147 1748 286 1784 motus
333 1757 357 1783 a
404 1742 526 1783 corde
567 1741 727 1794 creari,
776 1755 830 1781 ex
861 1740 1072 1794 animique
1103 1739 1321 1779 voluntate
1354 1737 1396 1777 id
1427 1736 1654 1792 procedere
1686 1735 1768 1790 pri-

148 1835 291 1862 mum:
338 1819 436 1860 inde
484 1819 572 1860 dari
612 1833 733 1874 porro
765 1833 840 1873 per
871 1822 1006 1858 totum
1039 1831 1187 1871 corpus
1219 1820 1260 1856 61
1292 1817 1449 1856 artus’'.
1510 1813 1595 1854 Hic
1627 1817 1769 1854 tamen

150 1898 270 1939 docet
301 1898 562 1938 volunta-tem
595 1911 712 1937 suam
744 1895 900 1936 habere
934 1909 1127 1936 causum:
1167 1908 1262 1935 cum
1294 1897 1435 1934 autem
1466 1906 1584 1932 suam
1614 1891 1769 1932 habeat

149 1990 317 2017 causa-m
367 1989 450 2015 11011
500 1978 562 2015 631
612 1974 744 2014 libera
795 1987 817 2013 6
863 1973 1029 2027 vulg-ari
1075 1971 1243 2027 quidem
1290 1969 1594 2024 significatione
1639 1968 1766 2009 vocis.

148 2053 358 2094 Assentiri
388 2053 526 2108 potius
557 2051 724 2092 videtur
761 2051 933 2103 Stoicis,
967 2049 1201 2091 dicentibus
1217 2050 1249 2102 2)
1281 2048 1464 2103 primum
1499 2051 1659 2088 motum
1698 2060 1769 2087 vo-

148 2131 378 2172 luntarium
417 2144 502 2170 11011
553 2143 671 2181 6336,
724 2133 764 2169 61
807 2127 1076 2179 Democrito,
1125 2125 1313 2167 censenti
1335 2125 1366 2178 3)
1432 2125 1654 2166 simulacra
1694 2137 1768 2164 seu

149 2209 309 2264 species
338 2222 479 2248 rerum
510 2207 815 2248 incurrentium
846 2207 889 2246 in
920 2206 1136 2256 animum,
1169 2218 1312 2244 causas
1350 2216 1463 2254 6336,
1496 2215 1603 2257 quae
1640 2201 1769 2242 animi

149 2292 308 2339 motus,
341 2286 543 2339 consilia,
575 2299 711 2325 mores
741 2284 1065 2338 affectionesque
1097 2281 1313 2322 traherent
1343 2280 1590 2322 necessario.
1640 2278 1768 2321 Ὑπο-

150 2367 322 2418 ἓῖἐμενος
382 2370 504 2406 τοῦτο
566 2362 614 2412 δὴ
672 2361 971 2414 τούπιδήμιον,
1035 2363 1057 2402 ὅ
1120 2370 1217 2414 φησι
1271 2359 1556 2412 Δημόκριτος,
1604 2359 1769 2412 ἐγκατα-

150 2441 422 2498 βυσσοῦσθαι
462 2441 512 2482 τὰ
559 2439 708 2482 εἴδωλα
741 2438 805 2481 διὰ
837 2439 919 2480 τῶν
951 2439 1096 2492 πόρων
1129 2439 1184 2484 εἰς
1215 2437 1263 2477 τὰ
1297 2436 1492 2487 σώματα,
1541 2437 1603 2476 καὶ
1637 2440 1770 2475 ποιεῖν

149 2518 224 2566 τὰς·
256 2517 354 2560 scorti
384 2518 458 2559 τὸν
490 2518 624 2559 ὕπνον
656 2518 771 2571 ὄψεις
804 2516 1136 2570 ἐπαναφερόμενα
1155 2528 1164 2537 ·
1208 2517 1354 2568 φοιτᾶν
1387 2511 1428 2554 δὲ
1459 2518 1585 2554 ταῦτα
1616 2530 1769 2553 παντα-

152 2597 285 2652 χόθεν
315 2596 491 2638 ἀπιόντα
524 2598 584 2636 καὶ
620 2597 775 2636 σκευῶν
808 2597 870 2635 καὶ
903 2595 1072 2646 ἱματίων
1105 2594 1165 2633 καὶ
1191 2593 1354 2646 φυτῶν,
1384 2590 1561 2642 μάλιστα
1586 2587 1625 2631 δὲ
1649 2587 1769 2644 ζῴων

151 2674 233 2716 ὑπὸ
280 2672 414 2715 σάλου
459 2672 627 2714 πολλοῦ
660 2675 722 2713 καὶ
755 2672 1008 2726 «θερμότητος
1029 2702 1039 2719 ,
1082 2670 1130 2710 οὐ
1162 2669 1295 2721 μόνον
1328 2668 1479 2722 ’έχοντα
1511 2664 1769 2721 μορφοειδεῖς

150 2755 223 2793 τοῦ
257 2750 447 2802 σώματος
480 2751 779 2804 ἐκμεμαγμένας
812 2749 1056 2801 ὁμοιότητας
1090 2747 1164 2799 (ὡς
1196 2746 1446 2798 Ἐπίκουρος
1467 2743 1618 2796 οἴεται,
1650 2745 1770 2799 μέχρι

196 2883 220 2925 ¹)
270 2882 426 2916 877—91.

195 2946 222 2987 2)
271 2945 412 2983 Seneca,
436 2945 475 2975 de
498 2943 554 2975 Ira
577 2945 613 2981 2,
639 2945 666 2974 3.

197 3008 219 3046 ³)
266 3008 352 3039 Plut.
380 3007 491 3048 Symp.
515 3005 625 3043 VIII,
653 3007 701 3035 lo.

1545 3063 1598 3103 7*
