1894 3235
860 219 862 221 -
889 190 967 230 155

127 327 296 376 cerem,
344 323 523 364 debebat
561 322 666 363 haec
698 323 838 363 omnia
866 323 1048 364 naturali
1079 322 1242 363 ratione
1274 321 1364 376 geri
1396 319 1572 361 ostendi.
1636 319 1741 360 Cum

126 401 231 442 aliae
276 414 342 442 res
386 400 626 441 hominibus
659 400 741 440 sint
771 400 1058 455 perniciosae⁷
1091 400 1198 440 aliae
1230 403 1328 439 sunt
1361 397 1593 449 salutares3
1635 410 1742 452 quae

126 477 364 518 hominibus
423 481 519 518 sunt
580 477 809 530 salutares,
867 492 991 532 saepe
1042 477 1188 518 bestiis
1249 480 1345 517 sunt
1398 475 1658 531 perniciosae
1700 477 1742 514 et

126 559 282 596 contra.
343 555 411 596 Sic
458 555 585 596 atomi
636 560 733 595 sunt
781 555 927 595 bestiis
977 555 1229 610 pestiferae,
1291 567 1426 609 quae,
1474 566 1569 593 cum
1618 551 1740 592 valde

126 632 209 673 sint
256 637 434 684 tenues,
483 633 604 673 facile
654 646 729 688 per
773 647 896 674 nares
946 633 1014 674 vel
1062 633 1164 673 alias
1205 632 1387 686 corporis
1432 634 1573 686 partes
1613 643 1740 685 pene-

125 715 248 751 trant.
328 710 441 764 Ergo
502 711 768 751 statuendum
821 715 883 751 est
933 710 1136 751 eiusmodi
1186 709 1440 765 perniciosas
1484 712 1644 749 atomos
1695 710 1741 748 ut

124 787 380 828 mortiferam
427 787 511 827 vim
554 787 603 828 de
645 792 757 828 terra
805 802 976 841 surgere
1026 789 1068 828 in
1110 802 1259 840 auraS,
1310 790 1381 838 „ut
1412 785 1593 841 spatium
1636 784 1741 825 caeli

124 865 303 920 quadam
349 864 399 906 de
440 869 559 920 parte
599 870 831 906 venenent:
865 880 945 921 quo
978 866 1101 906 simul
1132 879 1179 906 ac
1210 865 1391 920 primum
1422 863 1572 919 pennis
1603 862 1742 903 delata

123 942 177 983 sit
235 942 343 995 ales,
401 942 655 997 impediatur
704 942 761 982 ibi
812 956 934 982 caeco
986 945 1178 997 correpta
1225 955 1417 994 veneno,
1458 944 1506 981 ut
1556 939 1677 980 cadat
1718 952 1740 979 e

122 1019 293 1073 regione
341 1020 448 1073 loci,
491 1034 572 1075 qua
623 1020 776 1073 derigit
824 1020 991 1060 aestus’'
1016 1019 1051 1073 ¹).
1142 1019 1283 1060 Etiam
1336 1019 1382 1059 fit
1431 1017 1643 1058 interdum
1694 1021 1740 1057 ut

121 1111 298 1152 vapores
353 1111 376 1138 e
431 1102 543 1138 terra
598 1102 818 1151 surgentes
868 1111 1008 1138 aerem
1055 1097 1282 1138 discutiant
1324 1097 1411 1149 ita,
1468 1100 1515 1136 ut
1559 1109 1739 1136 vacuum

122 1174 288 1216 existat.
352 1175 457 1216 Cum
488 1175 541 1216 ad
570 1175 648 1216 11οο
678 1189 857 1216 vacuum
888 1175 1064 1216 veniunt
1096 1189 1222 1227 aves,
1258 1175 1400 1216 volare
1421 1178 1664 1229 nequeunt,
1695 1174 1739 1214 in

121 1256 276 1293 terram
307 1252 505 1293 decidunt
540 1256 607 1304 „et
637 1267 816 1293 vacuum
846 1266 977 1308 prope
1008 1253 1091 1293 iam
1124 1266 1198 1307 per
1228 1253 1352 1292 inane
1374 1252 1560 1292 iacentes
1582 1251 1738 1306 disper-

122 1334 227 1384 gunt
273 1331 433 1371 animas
479 1344 554 1385 per
596 1331 736 1371 caulas
767 1330 950 1385 corporis
982 1331 1144 1371 omnis'’
1167 1331 1213 1383 2).
1247 1354 1300 1358 —
1333 1330 1441 1370 Tum
1473 1328 1635 1370 accedit
1667 1342 1738 1369 ex-

123 1408 294 1463 plicatio
334 1408 747 1464 phaenomenorum,
795 1422 900 1463 quae
932 1408 975 1448 in
1005 1407 1190 1449 fontibus
1220 1408 1432 1448 nonnullis
1463 1407 1739 1448 observantur

122 1490 164 1527 et
195 1500 301 1542 quae
332 1487 456 1527 nimis
487 1486 745 1527 admirantur
775 1486 966 1527 homines
989 1485 1039 1540 ³),
1072 1486 1344 1542 quamobrem
1375 1485 1556 1526 naturali
1577 1485 1738 1526 ratione

122 1565 325 1619 explicari
371 1564 537 1605 debent.
600 1564 643 1606 Si
690 1565 926 1606 accuratius
966 1568 1092 1619 poeta
1124 1564 1412 1619 descripsisset
1442 1563 1636 1604 Avernas
1666 1578 1738 1618 pa-

122 1642 242 1683 ludes
272 1657 401 1697 prope
433 1643 586 1684 Cumas
618 1643 718 1683 sitas
750 1657 904 1698 easque
937 1643 1046 1683 solas
1079 1643 1360 1697 explicasset,
1394 1641 1564 1683 credere
1595 1655 1738 1697 posses

120 1733 216 1760 eum
247 1734 320 1761 suo
351 1720 488 1761 Marte
519 1720 586 1761 hic
618 1720 918 1776 philosophari.
963 1721 1069 1762 Cum
1101 1725 1242 1761 tamen
1273 1719 1417 1761 videas
1448 1733 1545 1760 eum
1581 1719 1738 1772 „Athe-

120 1798 236 1838 naeis
280 1798 325 1838 in
369 1798 615 1840 moenibus''
655 1800 766 1852 (749)
800 1803 842 1840 et
872 1799 916 1839 in
949 1799 1072 1854 Syria
1103 1812 1270 1854 quoque
1304 1800 1418 1848 (756)
1454 1797 1621 1839 easdem
1652 1812 1737 1838 me-

119 1889 306 1929 morare,
353 1890 448 1917 cum
494 1876 610 1931 legas
656 1890 753 1917 eum
799 1877 968 1917 arbores
1008 1876 1052 1917 in
1083 1877 1247 1930 magnis
1277 1876 1496 1916 Heliconis
1525 1875 1737 1916 montibus

119 1957 353 1995 crescentes
398 1955 514 2008 (786)
559 1959 600 1995 et
647 1955 967 2010 Scaptensulam
1014 1956 1129 2009 (810)
1175 1955 1218 1995 in
1262 1954 1617 1995 demonstratione
1663 1968 1738 1994 sua

118 2029 295 2083 afferre⁷
341 2031 457 2071 nulla
502 2035 632 2072 restat
677 2045 826 2084 causa,
873 2046 947 2072 cur
988 2036 1112 2087 putes
1143 2046 1240 2073 eum
1269 2031 1338 2073 hic
1369 2031 1587 2086 vulgarem
1619 2045 1736 2071 suam

118 2109 323 2150 rationem
380 2110 569 2164 magistri
625 2110 931 2165 interpretandi
981 2110 1201 2166 reliquisse
1220 2143 1230 2163 ,
1289 2110 1367 2150 etsi
1424 2124 1446 2150 e
1491 2109 1738 2163 fragmentis

119 2187 338 2228 ostendere
383 2202 467 2228 non
497 2202 718 2243 possumus
749 2189 981 2244 Epicurum
1012 2189 1116 2230 haec
1155 2188 1303 2229 eodem
1333 2188 1458 2229 modo
1490 2188 1735 2243 explicasse.

120 2265 210 2306 Iam
250 2265 387 2306 minus
434 2265 624 2306 dubitare
666 2266 847 2321 poteriS‚
897 2281 991 2307 cum
1022 2267 1286 2307 intellexeris
1317 2280 1414 2307 eum
1446 2265 1737 2306 difficillimum

119 2342 464 2398 phaenomenon⁷
496 2343 607 2399 quod
636 2357 811 2398 magnes
841 2344 948 2399 lapis
979 2344 1184 2399 praebet,
1217 2344 1335 2385 cuius
1367 2344 1594 2399 explicatio
1626 2358 1738 2385 nunc

120 2419 335 2474 sequitur,
368 2419 479 2474 apud
508 2420 759 2474 magistrum
790 2421 1029 2476 expositum
1059 2421 1282 2462 invenisse.

176 2495 228 2536 In
267 2495 346 2537 hoc
391 2496 498 2536 libro
539 2501 660 2538 sexto
702 2497 892 2538 ordinem
924 2502 966 2539 et
996 2512 1178 2551 nexum,
1222 2497 1372 2553 quibus
1404 2497 1570 2552 singula
1600 2497 1738 2552 capita

119 2571 229 2612 inter
273 2585 317 2612 se
357 2572 615 2627 iunguntur,
662 2574 820 2615 debiles
862 2579 904 2616 et
950 2575 1069 2615 laxos
1116 2588 1205 2615 esse
1247 2588 1372 2630 supra
1413 2574 1497 2615 iam
1528 2574 1735 2629 apparuit.

121 2648 228 2690 Cum
271 2653 396 2704 poeta
440 2650 645 2705 quaedam
686 2651 980 2706 phaenomena
1025 2652 1223 2707 selegerit
1268 2656 1311 2692 et
1341 2656 1508 2707 tempus
1540 2666 1635 2692 eum
1667 2651 1736 2692 de-

120 2725 267 2767 fecisse
313 2726 533 2782 videatur,
579 2732 627 2769 ut
667 2729 807 2770 omnia
836 2730 1058 2785 perficeret
1088 2734 1131 2771 et
1160 2734 1375 2785 tamquam
1405 2730 1448 2770 in
1479 2744 1609 2770 unum
1641 2743 1736 2771 con-

163 2918 188 2959 1)
235 2917 294 2950 Vs.
321 2920 381 2950 820
406 2929 494 2961 seqq.

163 2981 189 3021 2)
234 2981 290 3013 Vs.
315 2983 376 3013 838
391 3005 399 3021 ,
424 2983 475 3013 39.

164 3043 189 3084 ³)
237 3044 292 3075 Vs.
318 3046 498 3075 848—905.
