1894 3235
929 119 982 160 66

149 254 306 296 ordine.
338 254 567 310 Postquam
597 252 830 295 Democriti
862 256 988 307 poeta
1017 251 1171 293 refellit
1202 252 1465 308 opinionem,
1496 253 1612 295 addit
1652 253 1762 296 refu-

148 333 351 374 tationem
382 332 616 385 Heracliti,
649 345 797 386 corpus
828 329 932 370 nihil
964 331 1041 371 nisi
1074 331 1399 372 instrumentum
1428 345 1518 372 esse
1540 332 1760 374 censentis.

148 410 256 452 Eum
289 424 402 451 more
438 414 532 465 post
563 423 680 450 suam
709 408 943 463 expositam
981 408 1211 449 doctrinam
1243 409 1500 449 adversarios
1520 409 1761 462 refellendi,

147 489 246 530 alibi
270 502 434 544 quoque
465 501 587 528 usum
618 500 708 527 esse
741 499 763 527 e
794 485 1002 541 prioribus
1028 487 1144 527 libris
1165 487 1328 542 patuit,
1361 487 1431 527 ubi
1454 487 1582 528 ctiam
1603 501 1699 531 eum
1720 487 1763 528 in

147 567 395 610 adversariis
435 564 732 621 impugnandis
772 564 1002 619 Epicurum
1043 564 1216 604 fortasse
1249 569 1438 605 secutum
1466 577 1554 605 esse
1591 564 1764 620 eiusque

147 660 263 687 arma
298 644 523 699 sumpsisse
556 642 873 694 osten(limus¹).
926 641 1032 682 Cum
1063 646 1203 682 autem
1235 641 1287 682 ad
1316 642 1615 682 mortalitatem
1637 641 1765 683 animi

147 722 405 778 probandam
428 724 612 761 transeat
628 723 753 774 poeta
772 752 780 772 ,
813 718 955 771 nobis,
988 723 1213 773 antequam
1235 732 1330 759 eum
1350 733 1591 774 sequamur,
1622 719 1766 774 paucis

145 800 284 841 verbis
314 813 420 855 quac
452 798 588 839 adhuc
620 803 715 839 sunt
746 801 925 838 tractata
960 801 1152 851 repetere
1183 796 1320 837 liceat.

204 878 393 918 Primum
425 880 566 917 autem
597 874 1016 916 animadvertendum
1049 887 1138 914 esse
1170 887 1387 914 censemus
1408 874 1651 914 Lucretium
1676 887 1766 914 ver-

146 956 199 997 ba
230 956 438 1007 (mimum,
472 955 684 1006 (mimam,
717 957 910 1005 mentem,
934 952 1055 993 modo
1079 951 1335 1004 discernere,
1369 952 1490 993 modo
1514 952 1566 993 ad
1589 952 1765 993 eandem

146 1047 234 1074 rem
267 1032 583 1087 significandam
614 1045 846 1087 usurpare,
879 1045 973 1072 cum
1006 1031 1212 1086 Epicurus
1244 1030 1391 1071 eodem
1422 1031 1625 1072 vocabulo
1648 1032 1765 1086 ψυχή

146 1112 209 1152 uti
242 1115 426 1166 cogatur.
466 1110 509 1152 Si
542 1115 683 1151 autem
717 1109 939 1162 discernit,
972 1109 1135 1149 animus
1167 1112 1229 1148 est
1260 1107 1372 1148 idem
1393 1112 1518 1163 atque
1539 1121 1657 1148 mens
1675 1106 1702 1160 2)
1725 1111 1767 1148 et

147 1189 372 1245 opponitur
413 1188 601 1240 animae,
648 1191 694 1228 ut
741 1187 931 1228 dominus
973 1186 1197 1241 opponitur
1243 1199 1362 1226 servo
1381 1183 1425 1238 ³).
1488 1184 1593 1226 Cum
1625 1188 1767 1225 autem

148 1267 271 1321 vulgo
304 1266 381 1307 hoc
414 1265 652 1307 discrimine
693 1278 777 1305 non
817 1267 982 1316 utatur,
1015 1263 1087 1304 sed
1118 1277 1265 1304 vocem
1297 1263 1482 1304 animum
1513 1266 1555 1303 et
1585 1262 1768 1303 animam

144 1349 318 1400 usurpet
356 1343 408 1385 ad
438 1347 625 1384 mentem
657 1346 698 1383 et
730 1342 812 1382 vim
846 1342 1018 1382 vitalem
1050 1341 1337 1394 indicandam,
1370 1353 1495 1395 saepe
1518 1339 1684 1381 difficile
1706 1344 1769 1381 est

144 1423 362 1464 intellectu
409 1421 508 1477 quid
548 1420 665 1461 velit.
727 1419 854 1460 Vitae
885 1433 1009 1460 causa
1041 1423 1103 1459 cst
1135 1419 1326 1471 animus,
1365 1418 1435 1473 qui
1468 1417 1609 1459 sedem
1640 1417 1769 1458 habet

143 1514 218 1556 per
264 1504 398 1541 totum
444 1513 619 1554 corpus:
664 1497 733 1539 hic
774 1498 938 1538 animus
978 1510 1100 1551 porro
1142 1495 1247 1536 nihil
1279 1499 1342 1536 est
1374 1509 1498 1551 quam
1530 1495 1766 1551 complexio

143 1583 376 1620 atomorum
426 1581 467 1618 et
517 1591 614 1632 pars
653 1575 834 1617 hominis
866 1579 912 1616 ut
943 1588 1118 1627 manus,
1161 1587 1263 1629 pes,
1297 1578 1435 1629 caput.
1497 1574 1593 1615 Non
1625 1587 1770 1615 omnes

142 1661 284 1698 tamen
330 1655 458 1697 atomi
503 1658 626 1710 aptae
659 1657 783 1706 sunt,
826 1666 932 1708 quae
965 1652 1151 1693 animum
1183 1652 1466 1693 constituant:
1500 1651 1768 1704 levissimae,

141 1735 366 1788 minimae,
398 1732 601 1774 rotundae
633 1732 744 1772 solae
777 1735 873 1772 sunt
895 1735 1018 1786 aptae
1039 1745 1046 1770 :
1080 1743 1279 1770 numerus
1302 1734 1443 1771 autem
1465 1743 1608 1771 earum
1629 1729 1767 1770 minor

142 1816 205 1854 est
235 1826 360 1868 quam
391 1810 585 1866 corporis.
619 1809 743 1851 Certo
775 1808 918 1849 ordine
951 1812 1048 1848 sunt
1078 1808 1238 1863 positae
1271 1812 1313 1848 et
1344 1821 1419 1862 per
1450 1811 1585 1847 totum
1617 1820 1766 1862 corpus

140 1891 199 1932 ita
246 1889 457 1945 dispersae
490 1892 531 1929 et
563 1901 657 1929 cum
689 1891 776 1928 toto
808 1886 976 1927 homine
1006 1886 1066 1927 ita
1096 1886 1371 1938 coniunctae,
1420 1888 1467 1925 ut
1496 1884 1612 1925 nullo
1642 1883 1766 1925 modo

142 1968 302 2009 secerni
319 1967 502 2023 possint,
530 1965 628 2019 „sed
643 1964 762 2021 quasi
780 1964 938 2005 multae
956 1964 1020 2004 vis
1036 1964 1160 2004 unius
1177 1963 1360 2018 corporis
1377 1961 1573 2003 exstent”
1591 1962 1634 2015 4).
1666 1962 1763 2018 Ipse

142 2050 284 2088 autem
306 2046 469 2087 animus
497 2058 572 2100 per
599 2057 642 2085 se
671 2043 826 2084 sentire
849 2056 932 2084 non
948 2046 1087 2098 potest
1103 2041 1183 2082 nisi
1201 2055 1295 2082 cum
1313 2054 1485 2096 corpore
1504 2040 1761 2082 coniunctus.

144 2124 309 2180 Corpus
325 2124 462 2179 ipsum
479 2122 531 2164 ab
549 2122 687 2163 animo
706 2135 873 2162 sensum
891 2120 1055 2175 accipit,
1071 2133 1196 2175 quem
1213 2119 1302 2160 sine
1319 2119 1432 2160 illius
1445 2131 1523 2174 ope
1540 2131 1623 2159 non
1639 2117 1766 2160 habe-

144 2207 221 2244 ret.
285 2202 485 2257 Quaeque
518 2215 584 2242 res
616 2200 756 2253 enim,
790 2213 896 2255 quae
918 2213 1067 2254 corpus
1089 2203 1276 2239 nostrum
1305 2197 1464 2252 tangit,
1492 2197 1582 2238 eius
1607 2201 1766 2239 atomos

143 2285 306 2334 movet,
334 2293 440 2336 quae
459 2279 659 2334 deinceps
677 2283 839 2320 atomos
860 2277 987 2318 animi
1010 2280 1203 2317 movent:
1228 2276 1430 2317 sentimus
1446 2275 1575 2330 igitur
1591 2274 1766 2316 affectus

146 2372 317 2414 corpore
342 2362 384 2399 et
410 2358 453 2398 in
472 2370 643 2413 corpore
664 2389 673 2410 ,
706 2355 817 2411 quod
833 2368 932 2409 ergo
949 2355 1042 2410 plus
1061 2358 1122 2396 est
1141 2369 1264 2410 quam
1281 2353 1410 2396 animi
1428 2354 1764 2394 instrumentum.

145 2437 226 2485 Qui
256 2440 423 2477 renutat
445 2437 518 2489 (vs.
544 2436 627 2476 350
648 2447 723 2489 pro
744 2433 922 2486 refutat)
956 2446 1104 2487 corpus
1132 2431 1288 2472 sentire
1321 2431 1394 2472 sed
1426 2434 1559 2472 solum
1580 2430 1765 2472 animum

143 2513 186 2554 id
215 2513 352 2555 facere
374 2516 521 2568 putat,
552 2511 734 2564 fallitur,
768 2523 912 2551 omnes
933 2509 1070 2562 enim,
1103 2509 1174 2564 qui
1197 2508 1407 2562 sentiunt,
1436 2507 1574 2550 sciunt
1604 2511 1647 2549 et
1672 2520 1765 2549 sen-

189 2687 210 2724 l)
258 2686 307 2719 Cf.
333 2687 369 2726 I,
395 2687 455 2720 370
472 2710 481 2725 ‚
506 2687 584 2725 705,
610 2687 685 2717 830.
709 2685 760 2724 II,
785 2686 858 2717 930.

185 2749 211 2790 2)
260 2749 329 2781 III.
367 2750 416 2780 84.
451 2747 595 2780 animum
618 2747 689 2779 dico
719 2750 861 2779 mentem
885 2757 983 2788 quam
1007 2757 1102 2788 saepe
1126 2757 1301 2787 vocamus;
1338 2756 1387 2779 vs.
1414 2747 1473 2778 139
1496 2748 1605 2779 autem
1629 2744 1763 2779 tertium

144 2812 234 2844 addit
257 2822 494 2854 synonymum:
521 2810 704 2844 consilium.

187 2875 212 2912 3)
261 2877 341 2914 138,
368 2877 438 2906 144.

189 2938 213 2976 ⁴)
258 2937 313 2970 Vs.
338 2939 409 2970 265.

187 3000 213 3042 ⁶)
259 2999 315 3032 Vs.
340 3001 411 3031 255.
