1894 3235
923 110 1003 152 122

150 242 374 284 Lucretius
421 247 638 299 oppugnat
685 243 847 284 Stoicos
893 244 965 300 qui
1011 243 1216 285 docebant
1267 244 1335 298 „in
1374 245 1560 286 medium
1590 260 1774 289 summae

152 321 293 362 omnia
337 321 436 375 niti,
484 327 610 377 atque
656 321 752 362 ideo
798 321 944 362 mundi
989 327 1182 364 naturam
1225 327 1335 364 stare
1374 323 1462 364 sine
1493 324 1590 365 ullis
1620 325 1774 367 ictibus

153 398 339 438 externis
384 411 520 454 neque
562 411 771 454 quoquam
818 412 938 453 posse
979 399 1131 440 resolvi
1174 413 1337 440 summa
1367 404 1493 456 atque
1524 401 1631 454 ima,
1664 402 1775 457 quod

151 475 195 516 in
226 476 411 517 medium
443 477 526 517 siut
557 476 696 518 omnia
726 476 855 517 nixa''
877 476 896 516 ¹.
930 476 1037 518 Cum
1068 481 1211 518 autem
1244 478 1414 518 unicum
1447 492 1538 520 esse
1571 479 1775 521 mundum

154 553 198 594 hi
229 558 426 609 putarent
472 559 597 610 atque
628 554 846 607 finitum&
865 586 876 607 ,
907 567 987 595 non
1021 558 1119 609 apte
1150 555 1455 596 Lucretius'iis
1485 556 1686 598 obiecisse
1716 558 1776 598 vi-

155 630 276 672 detur
317 633 390 683 (vs.
442 633 579 685 1070,
628 633 698 685 71)
746 645 830 672 non
861 644 982 686 posse
1013 631 1199 672 medium
1231 646 1321 673 esse
1353 633 1396 673 in
1430 634 1608 686 infinito.
1670 635 1777 676 Cum

153 709 243 764 ipse
293 710 488 765 opinetur
538 710 745 750 infinitam
796 722 885 750 esse
936 709 1185 763 materiem,
1236 711 1511 752 ratiocinatur
1564 716 1777 768 tamquam

155 787 307 828 Stoicis
346 788 458 828 idem
499 788 750 843 placuisset,
793 791 996 843 putatque
1028 787 1195 828 illorum
1227 790 1385 841 κόσμον
1416 790 1659 831 universum
1690 791 1778 833 sive

154 879 387 918 summam,
420 865 531 921 quod
561 870 713 918 vocat,
747 878 852 906 esse.
885 864 962 905 Est
994 876 1094 918 ergo
1126 863 1238 905 idem
1271 865 1447 918 vitium,
1481 867 1523 906 in
1555 866 1666 922 quod
1695 867 1778 908 iam

154 947 279 983 antea
301 942 560 984 ostendimus
582 957 679 984 eum
701 943 870 998 saepius
891 941 1110 994 incidisse,
1143 955 1295 997 nempe
1318 943 1428 998 quod
1450 957 1472 985 e
1495 958 1570 985 sua
1591 944 1781 986 doctrina

154 1020 415 1062 adversarios
456 1021 611 1062 refellit
652 1034 785 1077 eoque
818 1021 989 1062 fallitur.
1050 1020 1278 1061 Praeterea
1308 1026 1451 1062 monet
1483 1036 1662 1063 vacuum
1691 1022 1780 1064 sive

155 1099 336 1154 spatium
367 1113 449 1140 non
481 1104 627 1155 aptum
658 1113 777 1152 esse,
824 1098 935 1154 quod
967 1112 1140 1154 corpora
1170 1098 1379 1152 retineat,
1428 1113 1525 1140 nam
1561 1100 1702 1153 „locus
1733 1114 1780 1142 ac

157 1177 365 1232 spatium,
413 1177 523 1233 quod
554 1178 678 1219 inane
710 1191 932 1230 vocamus,
979 1190 1054 1232 per
1096 1175 1307 1229 medium,
1349 1190 1424 1232 por
1455 1192 1535 1218 non
1567 1178 1780 1232 medium,

156 1255 385 1296 concedere
419 1255 544 1297 debet
574 1269 707 1311 aeque
739 1255 1021 1311 ponderibus,
1068 1259 1207 1295 motus
1239 1268 1322 1310 qua
1353 1269 1530 1311 cumque
1563 1256 1780 1310 feruntur,

155 1347 233 1374 nec
255 1334 474 1390 quisquam
496 1334 611 1375 locus
633 1340 718 1386 est,
741 1347 821 1389 quo
845 1346 1020 1388 corpora
1042 1346 1136 1373 cum
1159 1337 1392 1386 venerunt,
1416 1333 1612 1388 ponderis
1630 1334 1782 1375 amissa

156 1412 197 1452 vi
228 1412 389 1467 possint
421 1416 529 1453 stare
561 1412 605 1452 in
635 1411 775 1453 inani:
808 1425 884 1452 nec
917 1410 1027 1467 quod
1057 1411 1182 1452 inane
1204 1414 1347 1451 autem
1369 1418 1432 1452 est
1455 1411 1531 1452 ulli
1555 1411 1781 1453 subsistere

156 1489 305 1544 debet,
338 1490 466 1546 quin,
519 1504 594 1531 sua
625 1489 736 1545 quod
767 1495 918 1530 natura
949 1489 1085 1544 petit,
1117 1488 1347 1530 concedere
1379 1489 1555 1544 pergaff’
1589 1490 1636 1542 (I.
1673 1491 1780 1531 1074

155 1569 298 1624 seqq.).
359 1568 454 1610 Hoc
499 1568 612 1609 idem
659 1568 868 1623 Epicurus
915 1566 1059 1608 docet:
1106 1569 1395 1622 παρεχομένου
1442 1571 1517 1609 τοῦ
1557 1572 1674 1609 κενοῦ
1705 1569 1781 1617 τὴν

155 1645 255 1695 εἶξιν
278 1648 310 1700 3)
345 1650 493 1700 ὁμοίαν
526 1650 588 1688 καὶ
621 1650 672 1703 τῇ
703 1648 936 1702 κουφοτάτῃ
968 1649 1030 1688 καὶ
1063 1648 1114 1701 τῇ
1144 1643 1363 1701 βαρυτάτῃ
1393 1648 1477 1687 τῶν
1511 1645 1704 1698 ἀτόμων,
1738 1649 1781 1686 et

154 1728 327 1779 postea:
374 1724 398 1773 ἥ
441 1743 480 1766 τε
518 1725 600 1779 ’γὰρ
633 1728 706 1765 τοῦ
740 1726 859 1765 κενοῦ
893 1724 1017 1778 φύσις
1050 1752 1225 1762 ......
1257 1722 1332 1770 τὴν
1364 1723 1568 1777 ὑπέριισιν
1599 1722 1684 1778 οὐχ
1714 1723 1782 1764 οἵα

153 1800 187 1842 τ’
209 1801 313 1843 οὗσα
361 1804 571 1843 ποιεῖσθαι
593 1799 640 1854 4).
702 1800 897 1856 Denique
944 1799 1023 1840 sibi
1070 1808 1261 1840 constare
1307 1811 1390 1839 11011
1430 1804 1605 1854 possunt
1650 1798 1780 1840 Stoici

159 1878 382 1934 „quoniam
427 1892 510 1919 non
554 1878 695 1919 omnia
741 1891 914 1933 corpora
959 1876 1125 1931 fingunt
1170 1876 1213 1916 in
1243 1875 1429 1916 medium
1461 1875 1591 1930 niti·’;
1633 1875 1780 1930 negari

155 1957 268 1998 enim
299 1971 383 1998 non
414 1961 553 2012 potest
583 1957 737 1998 multas
768 1970 862 2010 res,
906 1960 952 1996 ut
983 1962 1085 2010 puta
1115 1968 1238 1995 auras
1269 1954 1384 1995 leves
1415 1954 1687 2009 flammasque
1731 1967 1781 2006 „a

154 2035 292 2076 medio
326 2035 510 2076 differrs'
533 2034 577 2085 ⁵).
639 2034 682 2076 Si
715 2034 881 2075 illorum
912 2047 1013 2074 vera
1043 2037 1154 2073 esset
1177 2031 1386 2085 doctrina,
1419 2031 1622 2072 mundum
1644 2035 1780 2072 totum

155 2113 319 2154 infinito
367 2125 499 2154 vacuo
547 2127 637 2154 esse
670 2111 1001 2164 circumdatum,
1043 2110 1226 2163 „volucri
1258 2110 1342 2150 ritu
1373 2110 1636 2150 flammarum
1666 2123 1780 2150 moe-

155 2192 227 2233 nia
265 2192 411 2233 mundi
453 2191 707 2246 diffugerent
738 2190 876 2232 subito
907 2203 1108 2244 magnum
1139 2202 1214 2244 per
1244 2188 1369 2229 inane
1401 2188 1536 2229 soluta
1567 2192 1609 2228 et
1640 2191 1781 2228 cetera

156 2270 362 2312 consimili
398 2270 561 2312 ratione
593 2268 911 2325 seque1¹entu1·'',
964 2281 1085 2321 „nam
1117 2281 1199 2323 qua
1229 2280 1408 2322 cumque
1440 2266 1556 2322 prius
1588 2265 1639 2307 de
1670 2265 1781 2321 parti

201 2545 224 2585 ¹)
274 2544 322 2574 (tf.
350 2543 439 2575 Stob.
464 2542 527 2574 ecl?
549 2542 587 2580 I,
616 2544 652 2573 19
670 2566 677 2579 ‚
703 2545 742 2573 4:
771 2542 888 2574 πάντα
914 2543 954 2573 τὰ
977 2541 1059 2581 μέρη
1086 2543 1144 2572 τοῦ
1169 2540 1295 2581 κόσμου
1319 2541 1371 2572 ἐπὶ
1397 2543 1434 2573 τὸ
1458 2539 1559 2579 μέσον
1576 2542 1635 2572 τοῦ
1652 2539 1776 2581 κόσμου

159 2608 221 2646 τὴν
245 2608 352 2648 φορὰν
375 2607 462 2648 ἔχειν
486 2605 610 2637 Zenoni
631 2604 765 2645 placuit.

199 2671 226 2710 ²)
277 2672 316 2702 l).
341 2671 378 2702 L.
403 2670 492 2701 VII:
529 2672 609 2700 140:
652 2669 710 2700 ἕνα
735 2672 795 2702 τὸν
818 2671 942 2708 κόσμον
966 2670 1047 2699 εἶναι
1071 2670 1124 2699 καὶ
1150 2670 1271 2700 τοῦτον
1294 2670 1548 2708 πεπερασμένον
1576 2690 1583 2697 .
1604 2693 1608 2698 .
1628 2690 1634 2696 .
1657 2666 1780 2703 ἔξωθεν

158 2733 189 2764 δὲ
215 2735 288 2765 αὐτ-ι
304 2735 320 2764 ὗ
345 2732 606 2773 περικεχυμένον
628 2734 709 2763 εἶναι
735 2734 772 2764 τὸ
797 2734 892 2764 κενὸν
917 2733 1058 2771 ἄπειρον
1076 2754 1082 2760 .
1099 2757 1105 2762 .
1121 2757 1127 2762 .
1147 2756 1152 2761 .
1173 2755 1178 2760 .

204 2798 229 2838 ³)
278 2796 331 2828 Ita
354 2795 420 2836 legi
443 2796 556 2827 debere
579 2806 637 2836 pro
660 2796 725 2831 ἴξιν
748 2794 889 2826 ostendit
911 2795 979 2826 cod.
1004 2793 1094 2825 Leid.
1119 2793 1176 2835 qui
1198 2796 1208 2825 ῑ
1230 2795 1281 2830 Eut
1305 2803 1376 2824 cum
1401 2792 1518 2833 spiritu
1540 2791 1606 2823 leni
1629 2793 1662 2823 et
1682 2792 1780 2823 unius

156 2859 283 2891 litterae
308 2859 413 2899 spatio
436 2858 549 2890 relicto
572 2858 680 2890 habet.

200 2924 226 2964 ⁴)
275 2923 315 2954 D.
341 2923 378 2954 L.
404 2922 446 2953 X.
471 2924 511 2954 43
536 2926 568 2954 et
591 2925 655 2953 44:
680 2932 740 2962 pro
763 2925 823 2955 τὸν
847 2921 951 2953 αἰῶνα
975 2920 1132 2953 substitui
1157 2924 1224 2953 τῶν
1247 2921 1391 2961 ἀτόμων.

200 2985 225 3027 ⁵)
274 2985 301 3016 I.
331 2987 409 3016 1083
436 2995 523 3026 seqq.
