1894 3235
914 151 941 191 2

121 284 380 338 Amafinius,
411 283 482 340 qui
512 283 687 340 physica
718 283 883 338 scripsit
901 286 944 337 ¹),
977 285 1087 340 quod
1117 285 1229 326 idem
1257 285 1458 327 Rabirius
1498 285 1645 329 fecisse
1675 287 1735 329 vi-

122 362 255 404 detur.
308 362 452 404 Catius
483 361 687 414 Insuber,
719 361 906 416 aequalis
938 361 1179 415 Ciceronis,
1216 363 1346 415 „levis
1367 363 1536 419 quidem
1558 364 1630 406 sed
1651 379 1735 406 non

120 440 373 482 iniucundus
403 444 544 481 tamen
574 439 745 480 auctor''
779 443 976 494 quattuor
1007 440 1134 481 libros
1166 441 1331 496 scripsit
1352 441 1402 482 de
1425 455 1564 482 rerum
1587 447 1737 485 natura

121 522 163 560 et
209 518 260 559 de
302 532 463 559 summo
504 517 626 558 bono.
688 516 864 557 Praeter
893 516 968 558 hos
999 531 1152 572 magna
1184 523 1273 560 erat
1303 519 1530 561 multitudo
1562 534 1735 575 eorum,

120 597 190 653 qui
222 611 317 638 cum
348 596 527 638 Horatio
559 594 754 636 dicebant
770 596 827 649 2):

181 675 270 728 „Ac
314 689 367 716 ne
413 674 518 714 sorte
550 686 699 727 roges,
746 686 827 728 quo
857 686 925 713 me
957 672 1062 714 duce
1081 706 1091 726 ,
1137 687 1218 730 quo
1251 674 1337 716 lare
1369 679 1506 716 tuter:

182 753 361 806 „nullius
391 752 582 793 addictus
612 751 750 791 iurare
782 751 824 790 in
867 750 997 791 verba
1027 751 1245 805 magistri,

180 845 286 887 „quo
332 844 400 871 me
442 842 606 885 cunque
652 828 762 884 rapit
807 832 1063 883 tempestas,
1111 829 1273 870 deferor
1308 829 1501 886 hospes'',

119 914 161 950 et
207 915 348 951 tamen
396 908 568 964 Epicuri
615 906 847 947 doctrinam
894 920 989 947 cum
1019 907 1203 948 maxime
1234 907 1432 949 fovebant
1462 914 1508 951 ut
1537 910 1626 965 ipse
1647 910 1736 951 Ho-

118 987 250 1028 ratius
268 990 323 1040 3),
371 986 596 1027 Maecenas
637 989 679 1025 et
725 988 850 1025 antea
892 984 1106 1026 Ciceronis
1146 984 1362 1026 familiaris
1397 986 1444 1027 T.
1478 987 1736 1043 Pomponius

117 1064 287 1105 Atticus
303 1063 336 1118 4)
369 1067 412 1104 et
442 1063 490 1104 L.
526 1062 720 1104 Saufeius
736 1061 780 1112 ⁵).

175 1142 355 1184 Causam
386 1141 684 1196 investiganti,
727 1154 799 1181 cur
830 1144 892 1181 tot
926 1139 1051 1180 huius
1088 1139 1254 1182 scholae
1291 1140 1483 1197 discipuli
1519 1143 1735 1185 floruerint

116 1220 307 1274 Romae,
353 1219 458 1262 haec
500 1219 586 1261 fere
633 1218 903 1259 satisfacient.
966 1218 1252 1259 Romanorum
1293 1220 1405 1260 enim
1437 1220 1652 1275 ingenium
1683 1222 1734 1263 ab

117 1298 301 1354 antiquis
332 1297 592 1353 temporibus
623 1296 877 1338 abhorrebat
908 1310 932 1337 a
963 1295 1227 1351 philosophia
1243 1299 1294 1350 ⁰);
1336 1298 1397 1338 rei
1427 1298 1627 1352 militari,
1658 1299 1735 1340 rei-

114 1376 309 1432 publicae
356 1375 465 1417 bene
507 1374 852 1428 constituendae,
899 1375 980 1415 iuri
1021 1375 1134 1416 civili
1167 1380 1209 1416 ot
1240 1375 1466 1417 virtutibus
1498 1376 1736 1418 domesticis

116 1454 360 1495 excolendis
407 1453 504 1495 solis
552 1452 758 1494 dederunt
790 1466 988 1507 operam,
1036 1467 1117 1508 quo
1148 1453 1304 1494 factum
1336 1459 1427 1507 est,
1473 1460 1520 1495 ut
1550 1454 1736 1509 vulgaris

115 1532 227 1573 vitae
260 1531 541 1584 consuetudo,
590 1532 725 1586 pietas
757 1544 857 1585 erga
887 1531 1093 1583 maiores,
1140 1531 1231 1586 ipsa
1262 1532 1436 1586 religio,
1480 1546 1573 1573 cum
1605 1533 1736 1574 omni-

115 1610 194 1651 bus
240 1609 497 1665 reipublicae
544 1609 878 1650 institutionibus
916 1609 1138 1650 coniuncta
1169 1613 1210 1650 et
1242 1609 1498 1651 Graecorum
1531 1613 1735 1666 φαντασία

115 1701 284 1744 prorsus
332 1687 562 1740 destituta,
610 1687 815 1728 clarorum
863 1687 990 1727 etiam
1032 1692 1074 1727 et
1111 1687 1369 1728 eruditorum
1400 1687 1617 1729 hominum
1648 1688 1735 1729 ani-

116 1780 207 1808 mos
238 1766 298 1807 ita
329 1765 663 1820 obstringerent,
697 1770 743 1806 ut
774 1765 847 1805 vix
879 1764 930 1805 ad
963 1764 1138 1805 liberam
1169 1777 1309 1805 rerum
1341 1765 1737 1820 contemplationem

116 1858 160 1885 se
192 1844 397 1885 extollere
431 1843 648 1885 auderent.
712 1843 779 1884 Sic
813 1842 916 1884 Cato
947 1843 1019 1883 ille
1052 1843 1264 1883 censorius
1296 1843 1457 1884 censuit
1489 1843 1615 1884 trium
1646 1843 1736 1884 illo-

114 1936 208 1962 rum
260 1922 519 1963 Graecorum
570 1920 913 1977 philosophorum
963 1921 1218 1975 legationem
1271 1920 1565 1962 dimittendam
1618 1934 1707 1962 esse
1726 1953 1736 1973 ,

118 1999 342 2055 „quoniam
374 1999 444 2040 illo
476 1999 566 2039 viro
599 1998 844 2052 (Carneade)
876 2003 1200 2052 argumentante
1232 1997 1332 2054 quid
1362 1998 1452 2038 veri
1483 2001 1592 2038 esset
1624 1996 1737 2039 haud

119 2076 264 2130 „facile
311 2076 491 2117 discerni
538 2077 705 2132 posset''
730 2078 766 2128 ⁷).
831 2076 936 2117 Cum
983 2080 1125 2116 autem
1175 2075 1463 2115 Romanorum
1512 2073 1736 2129 imperium

113 2155 201 2196 fere
247 2159 383 2196 totum
429 2154 572 2195 orbem
619 2158 826 2195 terrarum
873 2153 1223 2208 complecteretur
1263 2157 1305 2194 et
1338 2152 1523 2205 divitiis,
1570 2156 1737 2207 praeter

114 2232 285 2274 modum
330 2232 487 2285 auctis,
536 2232 705 2273 luxuria
753 2237 794 2272 et
840 2231 1034 2286 voluptas
1065 2231 1278 2286 antiquam
1310 2229 1558 2284 religionem
1591 2228 1737 2270 debili-

159 2405 184 2446 1)
230 2405 328 2436 Acad.
354 2404 382 2436 Ι.
408 2406 449 2443 3,
474 2406 504 2435 6.

157 2467 185 2507 ²)
232 2466 337 2507 Epist.
361 2466 389 2498 I.
416 2469 430 2497 1
448 2490 456 2505 ‚
486 2468 535 2497 13.

157 2530 183 2572 3)
229 2529 335 2571 Epist.
361 2529 388 2561 Ι.
414 2532 453 2567 4,
483 2530 530 2560 15.
577 2527 644 2560 Sat.
670 2528 698 2560 I.
724 2529 765 2566 5,
793 2530 862 2560 101.
909 2530 927 2559 6
944 2552 952 2567 ,
980 2529 1050 2560 129.

159 2593 186 2634 ⁴)
235 2593 301 2625 Cic.
326 2592 365 2623 de
389 2591 462 2623 Fin.
487 2590 538 2629 V,
566 2593 600 2629 1,
627 2592 655 2622 3.
702 2590 804 2632 Legg.
829 2591 856 2622 I.
882 2592 921 2629 7,
948 2593 998 2622 21.

159 2656 184 2694 5)
230 2656 349 2696 Nepos.
374 2655 442 2686 Att.
469 2656 517 2685 12.
565 2653 631 2685 Cic.
656 2654 696 2685 ad
719 2655 787 2685 Att.
814 2654 873 2685 IV.
898 2656 935 2691 6,
962 2655 991 2685 8.

159 2718 185 2760 6)
233 2717 344 2750 Cicero
366 2721 475 2749 tamen
498 2717 587 2749 aliud
610 2716 729 2749 sentire
753 2717 882 2749 videtur
905 2717 1063 2749 scribens:
1100 2715 1300 2757 „sapientiae
1323 2715 1468 2748 studium
1491 2718 1585 2747 vetus
1607 2713 1641 2745 id
1663 2712 1736 2755 qui-

116 2781 189 2812 dem
220 2781 254 2812 in
277 2779 430 2812 nostris''.
477 2780 573 2812 Tusc.
608 2780 666 2812 IV.
704 2782 733 2811 3.
769 2780 809 2811 cf.
836 2780 862 2811 Ι.
890 2782 917 2810 1.
963 2779 1050 2818 „Sed
1084 2790 1193 2811 meum
1216 2789 1342 2820 semper
1362 2777 1520 2810 iudicium
1543 2776 1608 2808 fuit
1629 2776 1737 2808 omnia

115 2847 241 2876 nostros
274 2847 331 2874 aut
364 2843 528 2875 invenisse
561 2854 618 2884 per
651 2854 685 2875 se
715 2842 895 2884 sapientius
930 2853 1027 2884 quam
1059 2842 1212 2881 Graecos,
1237 2846 1295 2874 aut
1318 2845 1449 2883 accepta
1471 2840 1512 2872 ab
1533 2839 1599 2871 illis
1622 2839 1737 2871 fecisse

116 2905 283 2937 meliora''.
317 2906 355 2937 de
392 2906 480 2937 Orat.
515 2906 542 2937 Ι.
568 2910 586 2937 4
601 2930 608 2944 ,
648 2908 695 2938 15.
741 2905 830 2938 Huic
854 2905 1000 2947 opinioni
1023 2916 1203 2947 repugnare
1226 2905 1356 2937 videtur
1376 2903 1434 2935 illa
1456 2903 1552 2935 Tusc.
1577 2902 1606 2934 I.
1631 2903 1670 2940 3,
1695 2904 1733 2933 6:

115 2968 348 3010 „Philosophia
370 2967 472 3000 iacuit
494 2979 596 3011 usque
618 2970 658 3000 ad
680 2969 765 3001 hanc
787 2969 961 3001 aetatem”.

159 3031 185 3072 ⁷)
232 3031 317 3063 Plin.
341 3031 383 3062 N.
410 3031 453 3062 H.
478 3031 558 3063 VII.
583 3034 634 3063 30.
