1894 3235
933 138 957 178 5

142 269 333 324 voluptas
363 269 406 309 in
437 283 596 310 errores
627 270 806 323 multos,
847 274 894 310 ut
935 270 1072 325 ipsum
1104 270 1378 323 Ciceronem,
1410 270 1578 311 induxit
1602 271 1653 324 ¹),
1688 285 1754 330 cui

140 347 233 387 voci
262 346 305 405 in
323 347 491 401 jmalam
508 352 699 401 partein
715 347 952 400 adhibitae,
985 348 1192 401 activam,
1234 352 1280 388 ut
1310 348 1370 388 ita
1403 347 1566 400 dicam,
1599 348 1754 402 signifi-

141 424 346 464 cationem
377 423 691 475 adscribebant,
730 438 981 479 quamquam
1013 425 1140 465 animi
1164 424 1755 480 tantummodo—tranquillita-

138 501 192 540 tis
223 500 477 555 (ἀταραξίας)
516 500 863 554 significationem
894 501 1047 542 habet:
1095 506 1221 555 „fjrav
1265 503 1342 544 οὗν
1373 502 1560 558 λέγωμεν
1592 501 1753 552 ἡδονὴν

140 577 260 625 τέλος
307 578 434 630 εἶναι,
486 578 534 618 οὐ
580 577 654 626 τᾶς
687 582 769 619 τῶν
801 579 974 620 α’σώτων
1006 579 1163 628 ἡδονάς
1212 583 1273 622 καὶ
1319 580 1394 627 τὰς
1440 582 1482 621 ἐν
1527 579 1755 622 ἀπολαύσει

140 657 318 706 κειμένας
362 655 565 709 λέγομεν,
611 656 667 703 ὥς
707 674 815 704 τινες·
846 657 1100 711 ἀγνοοῦντες
1146 661 1208 699 καὶ
1256 658 1339 713 οὐχ
1386 656 1754 712 ὁμολογοῦντεςῆ

140 737 272 781 κακῶς
319 731 576 788 ἐκδεχόμενοι
618 733 889 786 νομίζουσιν,
928 733 1041 775 ἄλλά
1085 735 1131 775 τὸ
1177 735 1267 783 μήτ’
1307 734 1456 788 ἀλγεῖν
1498 733 1596 776 κατὰ
1638 737 1755 788 σῶμα

145 812 243 863 μήτε
273 812 540 865 ταράττεσθαι
573 810 673 852 κατεῖ
703 811 889 866 ψυχὴν”.
922 811 973 851 D.
1007 811 1054 851 L.
1088 811 1142 851 X.
1180 813 1272 852 131.

195 887 389 942 Denique
432 901 526 927 cum
558 887 785 928 vehemens
818 892 928 928 esset
958 892 1170 928 certamen
1202 889 1312 929 inter
1344 892 1570 930 sectatores
1601 889 1755 930 utrius-

139 979 218 1020 que
265 965 458 1017 scholae,
505 979 659 1019 magna
705 980 799 1020 pars
844 965 967 1006 huius
1014 966 1248 1006 calumniae
1296 966 1447 1006 Stoicis
1478 966 1754 1007 adscribenda

139 1046 228 1095 est,
261 1043 331 1098 qui
362 1056 436 1098 per
467 1042 527 1083 fas
559 1048 601 1083 et
632 1043 748 1083 nefas
780 1043 1038 1083 adversarios
1070 1057 1165 1083 suos
1196 1043 1555 1098 persequebantur
1575 1042 1622 1093 2).

194 1119 392 1161 Veriores
435 1135 606 1173 causaS,
655 1121 688 1161 si
732 1121 831 1176 quid
862 1121 1079 1174 videmus,
1122 1121 1270 1161 afferre
1302 1121 1400 1161 licet
1431 1120 1519 1162 has.
1580 1120 1754 1176 Epicuri

137 1197 324 1238 doctrina
368 1198 410 1238 in
455 1197 578 1238 rebus
625 1198 724 1238 visis
769 1198 1042 1251 xssr'sabatili',
1089 1197 1179 1238 eius
1224 1197 1492 1253 philosophia
1546 1198 1752 1254 imprimis

137 1280 312 1316 naturae
344 1276 625 1330 cognitionem
647 1276 1006 1331 qualemcunque,
1039 1289 1159 1316 veras
1182 1289 1322 1316 rerum
1345 1290 1517 1329 causas,
1551 1276 1753 1329 docebat,

140 1353 250 1409 quod
281 1368 375 1394 cum
407 1354 694 1394 Romanorum
725 1354 886 1406 indole,
918 1353 1137 1394 notionum
1168 1367 1309 1393 rerum
1332 1367 1356 1394 a
1378 1353 1570 1394 sensibus
1595 1353 1756 1395 seiunc-

139 1436 277 1472 tarum
308 1431 621 1486 inquisitionem
643 1432 922 1486 adspernante
942 1464 950 1484 ,
983 1431 1140 1486 optime
1163 1431 1432 1485 congruebat.
1495 1431 1598 1484 „Oui
1619 1431 1755 1473 bon0''

138 1522 302 1563 semper
332 1509 507 1562 rogabat
538 1509 754 1549 Romanus
786 1509 876 1548 vir:
909 1508 1009 1563 quin
1041 1508 1168 1548 etiam
1201 1508 1375 1561 Cicero,
1408 1523 1660 1564 quamquam
1682 1523 1757 1564 per

137 1599 180 1626 se
213 1586 431 1626 scientiam
461 1586 721 1641 voluptatem
753 1585 900 1626 afferre
934 1585 1098 1626 dicebat
1117 1584 1173 1638 3),
1206 1590 1347 1626 tamen
1378 1599 1453 1640 per
1485 1600 1629 1627 omnes
1660 1601 1756 1628 suas

137 1663 445 1719 philosophicas
490 1664 815 1704 exercitationes
860 1668 1021 1704 certum
1068 1663 1193 1703 finem
1235 1667 1332 1704 ante
1373 1664 1513 1704 oculos
1543 1663 1755 1718 habebat;

137 1756 220 1797 quo
269 1742 397 1783 etiam
428 1741 586 1783 factum
618 1745 704 1794 est,
736 1746 783 1781 ut
814 1741 900 1781 fere
933 1754 1076 1781 omnes
1108 1739 1312 1795 Epicurei
1342 1740 1543 1794 Romani,
1574 1741 1672 1782 inde
1704 1741 1756 1782 ab

136 1819 347 1861 Amafinio
378 1833 510 1875 usque
542 1819 595 1860 ad
626 1819 884 1871 Lucretium,
916 1818 1134 1873 physicam
1166 1818 1345 1873 Epicuri
1377 1817 1607 1860 doctrinam
1628 1818 1756 1873 potis-

136 1897 287 1937 simum
318 1901 558 1938 tractarent.
619 1896 794 1937 Minime
825 1901 938 1937 recte
972 1909 1070 1950 ergo
1101 1896 1292 1936 nonnulli
1308 1895 1340 1949 4)
1372 1895 1578 1937 affirmare
1609 1895 1754 1936 viden-

137 1978 206 2014 tur
236 1974 454 2029 physicam
479 1974 709 2014 doctrinam
741 1988 765 2015 a
788 1974 978 2015 Romano
1010 1972 1180 2027 ingenio
1204 1986 1372 2027 prorsus
1393 1972 1521 2013 fuisse
1543 1972 1752 2014 alienam:

137 2051 317 2106 Vergilii
338 2051 492 2092 verba:
531 2051 658 2104 „felix
691 2051 761 2107 qui
793 2051 931 2106 potuit
951 2064 1092 2091 rerum
1124 2063 1374 2104 cognoscere
1397 2050 1573 2091 causas’'
1609 2064 1753 2091 eorum

137 2129 375 2183 opinionem
406 2128 562 2181 reddit,
595 2129 665 2184 qui
698 2129 977 2183 agriculturae
1000 2132 1116 2169 tanto
1140 2128 1277 2169 studio
1299 2128 1599 2170 incumbebant
1621 2142 1755 2184 ΨΜ

136 2205 231 2263 ipso
259 2205 311 2246 ad
341 2210 516 2246 naturae
548 2206 721 2246 rationis
752 2206 1120 2260 investigationem
1152 2205 1440 2259 ducebantur,
1473 2207 1637 2247 etiamsi
1659 2207 1754 2247 reli-

137 2283 271 2336 gionis
294 2283 461 2324 vincula
492 2284 651 2324 animos
682 2298 707 2324 a
737 2284 869 2324 libera
890 2284 1214 2338 investigatione
1236 2283 1487 2324 retinebant.
1527 2283 1755 2326 Praeterea

136 2359 269 2400 forma
298 2360 367 2400 vel
388 2360 568 2401 elocutio
591 2360 896 2416 Epicureorum
918 2360 1168 2415 scriptorum
1190 2360 1343 2401 multos
1365 2359 1576 2401 alliciebat
1595 2375 1602 2401 ε
1635 2359 1752 2414 haec,

180 2492 204 2533 ¹)
253 2492 348 2524 Tusc.
374 2493 443 2524 ΙΙΙ.
469 2495 529 2532 20,
555 2496 605 2525 49.
640 2493 680 2526 V.
706 2496 745 2525 26
769 2498 801 2526 et
823 2493 953 2535 passim.

178 2554 204 2596 2)
254 2554 306 2586 Sic
330 2555 515 2593 Diotimus‚
541 2555 669 2587 Stoicus
691 2556 924 2597 philosophus,
951 2556 991 2587 D.
1017 2556 1054 2587 L.
1079 2556 1122 2587 X.
1148 2558 1164 2587 3
1189 2560 1221 2587 et
1244 2555 1301 2587 alii
1324 2559 1353 2587 4.
1398 2556 1501 2588 Recte
1527 2556 1750 2596 Schoemann,

137 2619 176 2650 de
209 2619 240 2649 N
243 2622 284 2649 at.
310 2619 394 2650 deor.
418 2629 491 2660 pag.
517 2622 554 2650 3:
602 2620 704 2657 „Wer
725 2631 788 2651 nur
811 2620 1081 2661 einigermaassen
1104 2620 1164 2651 mit
1187 2621 1243 2651 der
1266 2619 1459 2651 Geschichte
1484 2620 1540 2651 der
1561 2620 1650 2652 alten
1673 2621 1752 2652 Plu·-

135 2681 280 2722 losophie
313 2683 380 2712 und
414 2683 469 2713 der
503 2683 641 2723 Kampfe
665 2684 720 2714 der
743 2683 994 2714 verschiedenen
1019 2683 1161 2714 Schulen
1184 2682 1329 2714 bekannt
1351 2683 1415 2721 ist,
1450 2684 1506 2714 der
1528 2683 1623 2715 weiss
1646 2684 1751 2723 auch,

137 2745 209 2776 dass
232 2744 303 2776 hier
324 2745 416 2776 nicht
438 2745 553 2777 immer
574 2746 635 2777 mit
657 2757 740 2787 ganz
764 2746 929 2778 redlichen
944 2746 1075 2777 Waffen
1091 2745 1261 2787 gestritten
1277 2747 1387 2777 warde
1400 2770 1408 2784 ‚
1433 2747 1570 2778 sondern
1591 2746 1753 2789 vielfaltig

137 2807 221 2838 auch
243 2807 477 2848 Verdrehung,
512 2808 724 2850 Entstellung
747 2810 813 2840 und
836 2808 1082 2849 unberechtigte
1117 2808 1490 2849 Consequenzmacherei
1513 2819 1570 2840 aus
1593 2810 1656 2841 den
1680 2809 1751 2841 Sat-

137 2881 198 2902 zen
221 2871 277 2902 der
300 2871 428 2912 Gegner
449 2871 617 2903 vorkam.”

179 2933 204 2975 ³)
252 2934 291 2965 de
314 2934 387 2964 Fin.
411 2933 439 2964 I.
465 2934 494 2966 7.

180 2994 207 3034 4)
253 2994 360 3027 Ritter
382 2999 414 3026 et
437 2995 579 3026 Preller:
605 2995 694 3027 Hist.
719 2996 833 3036 philos.
879 2997 1011 3037 Lange,
1037 2996 1152 3028 Gesch.
1176 2997 1231 3027 des
1254 2995 1415 3027 Material.
