1894 3235
882 123 962 162 159

112 257 187 298 οὐκ
216 257 344 299 ἐθέλει
376 288 384 297 .
409 288 418 297 .
441 288 450 297 .
482 255 635 312 βύσσῳ
669 255 709 299 δὲ
743 255 878 312 {aunarii
909 258 1056 299 κόκκου
1088 258 1375 311 καταμίσγεται
1397 254 1572 308 (ἄνθος).
1594 254 1726 307 Miill,

110 333 158 374 fr.
191 333 313 389 Emp.
347 335 452 387 340,
484 336 566 387 41,
598 335 665 374 42.
727 333 894 374 Laudes
924 333 1054 387 igitur
1083 332 1208 374 huius
1240 333 1452 374 doctrinae
1483 332 1727 388 qaaliscum-

111 425 192 467 que
222 411 441 466 Epicureis
471 411 599 452 tribui
630 425 713 452 non
743 415 917 466 possunt
943 412 981 464 ¹).

168 488 288 530 Haec
335 489 529 530 carminis
567 503 685 544 pars,
733 502 840 544 quae
872 488 923 529 de
954 491 1151 542 magnete
1183 487 1294 541 agit,
1327 501 1421 528 cum
1451 500 1527 542 per
1557 500 1600 527 se
1633 500 1727 528 con-

112 569 194 606 stet
223 580 359 621 neque
391 581 486 607 cum
515 566 866 621 praecedentibus
898 566 965 606 vel
997 566 1269 621 sequentibus
1290 565 1482 606 versibus
1503 565 1727 606 coniuncta

112 643 192 697 sit,
249 657 355 698 quae
401 658 511 684 nunc
559 648 790 699 sequuntur
833 658 887 684 ex
931 648 1073 684 mente
1119 648 1268 698 poetae
1311 643 1528 698 excepisse
1574 642 1729 683 debent

110 720 249 762 locum
304 721 355 761 de
400 721 594 762 Avernis.
673 722 738 762 Ibi
785 721 897 762 enim
943 721 1166 762 Lucretius
1213 720 1354 761 docuit
1400 734 1489 761 esse
1527 719 1728 775 quosdam

110 799 344 839 mortiferos
373 813 548 854 vapores
580 813 602 840 e
634 804 746 840 terra
773 800 841 840 vel
870 799 1094 854 paludibus
1125 803 1367 852 surgentes,
1415 798 1486 853 qui
1521 799 1729 853 „spatium

111 877 216 917 caeli
262 876 441 932 quadam
484 877 533 918 de
565 881 684 932 parte
714 876 981 930 venene(n)t'’
1014 880 1055 916 et
1086 876 1282 916 animalia
1312 880 1476 916 necent.
1538 875 1729 917 Similem

111 970 279 997 causam
309 956 466 1011 profert
495 957 736 997 morborum
766 955 973 1011 imprimis
1004 955 1268 1010 pestilentiae
1302 955 1378 1007 (vs.
1416 955 1727 1004 1090—1137).

110 1033 247 1075 Multa
291 1039 388 1074 sunt
431 1034 658 1089 primordia
702 1034 821 1074 nobis
852 1033 1115 1088 perniciosa,
1162 1045 1269 1087 quae
1302 1036 1557 1086 congregata
1588 1036 1631 1072 et
1661 1046 1729 1073 cu-

111 1113 270 1153 mulata
306 1116 402 1165 „aut
433 1112 695 1153 extrinsecus
725 1116 772 1152 ut
802 1111 935 1152 nubes
966 1111 1229 1165 nebulaeque
1261 1123 1439 1164 superne
1470 1123 1546 1164 per
1567 1110 1729 1150 caelum

111 1190 315 1243 veniunt,
356 1194 428 1230 aut
468 1190 559 1245 ipsa
590 1203 714 1244 saepe
747 1190 942 1241 coorta(e)
976 1188 1027 1228 de
1057 1192 1169 1228 terra
1201 1191 1400 1240 surgunt,
1432 1187 1505 1227 ubi
1535 1191 1730 1242 putorem

111 1267 255 1308 umida
298 1272 462 1308 nactast
507 1267 816 1322 intempestivis
861 1266 1098 1321 pluviisque
1144 1269 1186 1306 et
1217 1265 1372 1305 solibus
1403 1264 1527 1305 icta”.
1587 1264 1729 1306 Etiam

113 1360 184 1387 aer
230 1350 271 1387 et
317 1360 483 1401 aquae,
529 1360 622 1386 cum
653 1345 800 1386 incolis
831 1345 913 1385 sint
944 1344 1170 1396 salutaria,
1215 1342 1448 1397 peregrinis
1480 1356 1605 1397 saepe
1636 1346 1731 1382 sunt

112 1424 371 1479 perniciosa:
408 1437 569 1476 „nonne
602 1423 718 1463 vides
750 1422 878 1463 etiam
909 1421 1014 1462 caeli
1034 1421 1222 1461 novitate
1245 1424 1287 1460 et
1309 1434 1511 1475 aquarum
1532 1419 1730 1474 temptari

112 1501 257 1556 procul
304 1516 327 1542 a
372 1501 510 1556 patria
541 1500 612 1556 qui
643 1513 821 1554 cumque
853 1499 1058 1554 domoque
1089 1498 1319 1538 adveniunt
1349 1497 1443 1538 ideo
1476 1497 1573 1552 quia
1604 1497 1729 1551 longe

115 1578 387 1633 discrepitant
437 1592 504 1619 res
521 1579 568 1618 ?’'
619 1579 692 1629 (vs.
738 1578 844 1618 1103
889 1577 1029 1632 seqq).
1091 1576 1141 1616 In
1189 1575 1268 1615 hoc
1298 1574 1590 1629 phaenomeno
1623 1575 1728 1615 latet

113 1670 239 1697 causa
278 1656 557 1711 pestilentiae.
618 1655 729 1695 Nam
759 1653 934 1709 proinde
965 1657 1090 1708 atque
1119 1652 1309 1693 homines
1340 1652 1384 1692 in
1415 1652 1541 1692 aliam
1571 1655 1726 1692 terram

112 1734 293 1787 migrare
340 1737 541 1788 possunt,
588 1746 659 1774 aer
703 1733 772 1773 vel
818 1732 979 1774 caelum
1024 1731 1142 1772 nobis
1183 1730 1463 1785 perniciosum
1513 1743 1536 1770 e
1567 1733 1729 1770 remota

113 1811 285 1865 regione
330 1811 383 1852 ad
428 1825 503 1851 nos
534 1825 577 1851 se
610 1811 796 1851 conferre
827 1814 965 1865 potest
1000 1813 1042 1850 et
1073 1823 1213 1850 aerem
1245 1812 1432 1849 nostrum
1464 1821 1728 1863 corrumpere

113 1892 187 1931 aut
225 1889 268 1929 in
300 1903 428 1944 aquas
459 1892 501 1929 et
531 1888 673 1942 fruges
705 1888 876 1930 cadere:
924 1888 1066 1942 itaque
1096 1890 1270 1941 possunt
1300 1885 1540 1926 morborum
1571 1885 1730 1925 semina

113 1966 158 2007 in
190 1979 364 2020 corpora
394 1970 535 2006 nostra
565 1966 735 2006 intrare.
768 1990 820 1994 ——
852 1965 976 2005 Hanc
1007 1968 1170 2019 partem
1203 1963 1382 2017 denique
1402 1962 1584 2002 illustrat
1606 1965 1647 2002 et
1668 1965 1729 2002 to—

113 2047 203 2084 tum
217 2057 320 2098 opus
333 2042 543 2084 concludit
558 2047 684 2098 poeta
696 2043 840 2097 pulcra
853 2047 894 2083 et
907 2042 1018 2083 elata
1030 2041 1306 2096 descriptione
1318 2039 1598 2095 pestilentiae,
1616 2052 1723 2094 quae

114 2120 322 2176 quondam
372 2121 548 2173 „finibus
579 2121 623 2160 in
655 2120 851 2175 Cecropis
881 2119 1067 2160 funestos
1097 2117 1279 2158 reddidit
1311 2131 1431 2171 agros
1462 2116 1727 2171 vastavitque

113 2199 226 2252 vias,
273 2197 469 2239 exhausit
515 2198 676 2238 civibus
720 2197 909 2238 urbem”.
970 2196 1091 2237 Haec
1131 2195 1354 2249 descriptio
1387 2194 1555 2234 cumin
1585 2194 1729 2234 multis

115 2280 317 2330 congruat
338 2290 432 2316 cum
455 2275 713 2331 Thucydidis
729 2275 966 2316 narratione
988 2274 1033 2315 II
1051 2306 1061 2326 ,
1080 2274 1268 2325 47-54,
1290 2286 1374 2312 non
1395 2271 1548 2312 mirum
1565 2275 1627 2312 est
1643 2271 1730 2326 ple—

114 2368 263 2410 rosque
295 2368 464 2396 censere
496 2354 741 2395 Lucretium
772 2352 880 2394 hanc
911 2356 1074 2408 partem
1105 2365 1128 2392 e
1152 2350 1284 2391 Thuc.
1308 2350 1472 2404 scriptis
1493 2348 1728 2402 addidisse,

116 2436 163 2472 ut
207 2435 342 2473 totum
385 2446 488 2486 opus
528 2431 645 2487 quasi
677 2434 907 2472 coronaret.
970 2428 1122 2470 Omnia
1152 2431 1352 2483 reputans
1383 2431 1525 2468 tamen
1556 2426 1730 2467 addubi-

116 2514 205 2551 tare
236 2509 383 2562 ausim,
415 2524 516 2550 num
546 2509 637 2564 ipse
668 2512 793 2564 poeta.
823 2507 1083 2562 Thucydidis
1115 2520 1219 2561 opus
1250 2505 1497 2560 inspexerit.
1557 2505 1608 2546 In
1640 2507 1728 2563 toto

117 2587 300 2629 carmine
331 2590 490 2627 tantam
520 2590 684 2641 partem
714 2585 952 2626 invenimus
983 2584 1165 2636 nullam,
1198 2597 1323 2638 quam
1353 2596 1437 2623 non
1469 2596 1524 2623 ex
1545 2581 1728 2637 Epicuro

118 2664 341 2720 sumpserit
385 2667 522 2718 poeta.
583 2663 696 2717 Ergo
740 2663 820 2703 nisi
863 2662 992 2703 firmis
1028 2661 1288 2716 argumentis
1319 2659 1551 2712 vincimur,
1584 2672 1729 2700 conce-

118 2742 217 2784 dere
262 2756 345 2783 non
388 2755 608 2797 possumus
651 2754 748 2782 eum
792 2740 860 2781 hic
902 2755 926 2781 a
966 2739 1129 2793 vulgari
1176 2752 1250 2779 sua
1293 2737 1455 2779 ratione
1500 2737 1726 2778 aberrasse.

166 2992 188 3033 ¹)
235 2992 282 3024 Ut
303 2991 429 3033 Langio
449 2991 574 3032 placuit
595 2991 630 3022 in
653 2990 768 3022 Gesch.
792 2991 847 3022 des
871 2988 1032 3021 Material.
1059 2989 1097 3026 I,
1119 2997 1193 3028 pag.
1221 2989 1290 3018 120.
