1894 3235
876 143 926 182 21

100 273 231 328 pellat
261 276 387 328 poeta
416 287 595 314 vacuum
614 287 703 313 rem
726 275 756 327 ¹)
777 289 786 327 3
818 274 993 315 fortasse
1014 279 1185 330 propter
1221 278 1480 328 „egestatem
1503 275 1714 329 linguae''.

101 350 162 390 Ut
188 349 266 391 hoc
294 355 433 391 autem
453 355 595 391 contra
613 364 683 391 eos
715 351 937 392 affirmavit
970 338 1265 407 philosophoS,
1298 351 1368 406 qui
1400 352 1614 406 negabant
1645 367 1715 393 va-

101 441 223 468 cuum
254 427 368 468 aliud
399 442 488 468 esse
520 442 644 483 quam
675 442 758 469 non
789 442 879 470 esse
901 429 957 482 ²),
997 429 1054 470 sic
1087 429 1304 484 sequentia
1335 429 1538 484 imprimis
1569 429 1714 470 adver-

100 519 168 545 sus
213 505 373 546 Stoicos
417 505 594 560 scripsit.
656 505 863 546 Distinxit
910 506 1021 546 enim
1068 490 1316 558 Lucretius,
1378 506 1608 560 Epicurum
1652 520 1713 547 se-

101 586 243 635 cutus,
291 596 379 623 esse
411 582 455 622 in
486 583 566 624 alia
597 596 665 635 re,
689 588 740 623 ‘et
773 597 861 624 esse
894 598 967 638 per
999 597 1055 624 se.
1102 584 1198 624 Non
1229 587 1357 637 nega-t
1388 587 1555 638 praeter
1585 588 1715 625 mate-

98 659 202 699 riem
233 660 274 700 et
304 674 483 700 vacuum
514 660 595 701 alia
627 674 745 713 esse,
788 660 861 701 sed
893 675 942 701 ea
974 674 1062 701 esse
1095 674 1169 715 per
1201 674 1267 713 se,
1300 661 1487 701 confiteri
1519 666 1709 701 recusat:

101 750 386 792 quaecumque
431 742 598 792 praeter
643 737 746 778 haec
796 738 875 778 duo
913 743 1031 790 sunt,
1080 743 1151 778 aut
1182 738 1405 779 coniuncta
1437 742 1531 778 sunt
1561 738 1713 791 rebus,

100 818 171 855 aut
217 828 359 855 earum
405 819 556 856 eventa
576 815 630 868 3):
664 816 903 868 coniuncta,
937 830 1031 857 cum
1062 830 1086 856 a
1117 830 1287 870 corpore
1319 816 1478 857 secerni
1509 830 1592 856 non
1622 830 1714 871 pos-

100 896 196 933 sunt
225 893 304 933 nisi
335 893 571 947 intereant,
619 900 665 935 ut
701 895 886 949 „pondus
919 896 1036 948 saxi,
1085 896 1195 936 calor
1227 896 1358 949 ignis,
1402 896 1536 950 liquor
1567 896 1713 951 aquai,

99 973 233 1010 tactus
265 971 505 1025 corporibus
537 973 724 1025 cunctis,
766 973 947 1013 intactus
990 973 1134 1013 inani''
1158 971 1215 1026 4);
1264 977 1415 1014 eventa
1447 978 1587 1014 autem
1619 977 1715 1014 sunt

99 1046 227 1100 haec,
265 1062 466 1103 „quorum
487 1049 672 1090 adventu
692 1055 834 1091 manet
856 1050 1075 1091 incolumis
1096 1055 1246 1091 natura
1267 1050 1512 1105 abituque'',
1544 1054 1591 1090 ut
1612 1065 1712 1105 pau-

99 1129 266 1180 pertas,
312 1126 497 1180 bellum‚
545 1127 776 1168 concordia.
838 1128 1120 1183 Appellantur
1162 1127 1266 1169 haec
1313 1128 1364 1169 ab
1402 1128 1584 1183 Epicuro
1617 1148 1714 1181 συμ-

100 1203 319 1254 πτώματα,
367 1204 439 1244 illa
479 1209 619 1245 autem
667 1204 964 1261 συμβεβηκότα
986 1204 1027 1258 5).
1088 1205 1206 1246 Inter
1238 1209 1390 1246 eventa
1420 1210 1586 1260 tempus
1616 1220 1714 1261 quo-

143 1376 165 1412 ¹)
213 1376 246 1415 I,
271 1378 344 1408 420.

141 1439 164 1475 2)
213 1439 418 1471 Democritus
445 1439 563 1480 (Zeller
586 1440 622 1478 I,
647 1440 708 1473 578
733 1439 835 1481 seqq.)
860 1443 892 1471 et
917 1439 1027 1471 Stoici.

140 1502 165 1542 3)
213 1503 252 1533 D.
278 1503 315 1534 L.
343 1503 392 1541 X,
419 1505 480 1533 40:
507 1505 599 1543 παρὰ
624 1502 655 1534 δὲ
680 1505 788 1534 ταῦτα
812 1503 908 1535 οὐδὲν
937 1504 1160 1541 ἕπινοηὲἦναι
1190 1502 1396 1535 δύναται
1422 1503 1465 1541 ὡς
1483 1506 1523 1535 τὰ
1539 1505 1616 1535 καθ’
1631 1506 1714 1542 ὅλας

98 1567 210 1610 φύσεις
236 1566 481 1607 λαμβανόμενα
506 1567 561 1597 καὶ
584 1567 628 1605 μή
652 1567 694 1603 ὡς
719 1568 759 1596 τὰ
784 1566 913 1598 τούτων
937 1567 1167 1607 συμπτώματα
1194 1566 1211 1603 ἢ
1236 1566 1474 1606 συμβεβηκότα
1501 1568 1670 1608 λεγόμενα.

140 1630 165 1672 ⁴)
213 1632 274 1661 453
301 1641 369 1671 sqq.
416 1629 544 1660 Iniuria
570 1628 722 1660 ultimum
747 1640 877 1660 versum
900 1629 1009 1660 delent
1032 1629 1164 1660 Lachm.
1182 1632 1214 1660 et
1231 1629 1326 1660 Bern.
1361 1629 1575 1676 <Munr3eum
1592 1633 1713 1670 servat)

98 1693 175 1734 quia
189 1693 373 1732 „intactus”
392 1693 492 1724 latine
515 1692 580 1724 dici
601 1703 667 1724 non
682 1692 782 1733 possit
797 1703 803 1723 t
829 1691 910 1723 mihi
929 1692 1058 1733 quidem
1075 1691 1205 1723 videtur
1219 1691 1279 1723 hoc
1295 1692 1490 1724 vocabulum
1506 1692 1545 1723 ab
1561 1692 1631 1733 ipso
1647 1693 1713 1724 Lu-

97 1756 196 1788 cretio
218 1755 387 1787 brevitatis
410 1766 507 1787 causa
529 1755 700 1786 inventum
723 1766 810 1793 esse,
835 1758 872 1786 ut
893 1755 1026 1786 haberet
1049 1755 1135 1796 quod
1157 1754 1261 1786 tactui
1284 1759 1464 1795 opponeret
1487 1757 1598 1787 eodem
1620 1757 1714 1788 modo

97 1822 194 1860 atque
225 1818 322 1850 inane
355 1822 387 1850 et
420 1829 552 1859 corpora
582 1819 667 1850 inter
701 1829 734 1850 se
763 1822 840 1849 sunt
870 1818 1025 1859 opposita.
1075 1818 1246 1849 Praeterea
1269 1821 1318 1849 est
1340 1817 1481 1858 primum
1504 1818 1713 1851 coniunctum

97 1892 266 1922 corporum
302 1885 428 1920 tactus,
467 1885 504 1913 ut
534 1881 641 1913 inanis
664 1885 712 1913 est
735 1882 820 1922 quod
841 1881 933 1922 tangi
963 1892 1029 1913 non
1050 1885 1166 1921 potest.
1215 1881 1303 1912 Sext.
1328 1882 1422 1922 Emp.
1447 1882 1520 1913 adv.
1545 1882 1645 1914 math.
1670 1883 1713 1914 X.

98 1946 170 1976 321.
206 1943 342 1985 Epicuri
363 1944 463 1975 verba
484 1943 631 1982 laudans,
655 1943 739 1974 inter
759 1943 999 1984 συμβεβηκότα
1023 1943 1170 1975 nominat
1187 1942 1370 1975 ἀντιτυπία
1388 1945 1448 1984 μὲν
1465 1946 1523 1976 τοῦ
1542 1945 1712 1986 σώματος,

97 2007 174 2044 εἷξις
198 2006 229 2038 δὲ
257 2009 314 2039 τοῦ
339 2009 456 2039 κενοῦῑ
494 2007 605 2048 itaque
633 2009 719 2037 recte
752 2010 847 2046 putat
880 2005 1040 2037 Munrous
1076 2005 1265 2037 Lucretium
1301 2016 1358 2046 pro
1390 2006 1451 2037 hoc
1475 2007 1552 2044 εἶξις
1578 2009 1714 2038 intactus

96 2079 278 2110 usurpasse.

141 2133 168 2174 ⁵)
216 2132 377 2164 Munrous
399 2135 497 2173 negat
519 2131 698 2172 Epicurum
720 2131 780 2163 hoc
804 2131 976 2163 discrimen
998 2130 1111 2162 fecisse
1133 2134 1292 2172 putatque
1314 2131 1354 2162 ab
1376 2131 1446 2172 ipso
1470 2132 1622 2164 Lucretio
1646 2133 1712 2164 fac-

95 2199 167 2227 tum
188 2205 266 2233 esse,
290 2199 328 2226 ut
350 2195 544 2227 discerneret
565 2196 629 2226 duo
656 2205 773 2236 genera
790 2194 1054 2236 συμβεβηκότων
1078 2194 1130 2225 vel
1157 2193 1374 2225 accidentium
1389 2219 1397 2232 ‚
1424 2205 1538 2235 nempe
1562 2205 1609 2233 ea,
1632 2206 1714 2236 quae

96 2262 174 2289 sunt
203 2257 370 2291 καθἀὑτά
392 2257 445 2288 vel
471 2268 527 2298 per
557 2268 608 2296 se,
645 2262 678 2288 et
704 2267 786 2298 quae
812 2267 877 2288 non
905 2260 982 2287 sunt
1010 2267 1067 2296 per
1088 2267 1130 2287 se.
1175 2256 1305 2287 Testem
1332 2256 1425 2287 affert
1455 2256 1563 2296 ipsum
1591 2256 1712 2297 Epicu-

97 2331 169 2352 rum
195 2321 238 2352 D.
267 2321 304 2352 L.
334 2321 386 2359 X,
412 2323 470 2359 40,
497 2322 547 2358 67,
585 2323 648 2359 68,
675 2322 734 2358 70,
764 2322 800 2353 71
831 2323 863 2351 et
892 2320 980 2351 Sext.
1012 2320 1105 2359 Emp.
1135 2320 1207 2350 adv.
1233 2318 1386 2350 mathem.
1413 2320 1462 2358 X,
1500 2321 1571 2350 221.
1618 2321 1712 2351 Atta-

96 2394 171 2415 men
196 2383 276 2415 mihi
298 2394 364 2415 non
381 2383 551 2424 persuasit.
598 2383 772 2414 Videamus
796 2394 875 2414 num
902 2382 1064 2423 Epicurus
1078 2407 1085 2420 ‚
1110 2382 1166 2423 qui
1189 2385 1298 2413 monet
1313 2392 1353 2413 ne
1370 2381 1624 2422 significationes
1640 2393 1711 2414 ver-

96 2445 211 2476 borum
233 2446 469 2477 confundamus
483 2470 491 2484 ‚
514 2449 624 2477 tamen
645 2445 714 2486 ipse
737 2455 794 2485 pro
816 2445 927 2476 eadem
950 2455 983 2475 re
1007 2445 1070 2476 duo
1094 2445 1299 2485 usurpaverit
1321 2444 1489 2476 vocabula.

140 2507 181 2539 In
213 2506 226 2546 ξ
252 2509 291 2538 68
321 2518 408 2549 seqq.
445 2509 486 2539 τὰ
509 2509 668 2549 σχήματα
693 2509 747 2539 καὶ
777 2509 818 2539 τὰ
843 2509 1004 2549 χρώματα
1028 2509 1082 2538 καὶ
1107 2509 1148 2539 τὰ
1172 2508 1292 2549 μεγέθη
1318 2508 1373 2538 καὶ
1399 2509 1439 2538 τὰ
1461 2506 1569 2547 βαρέα
1593 2508 1711 2539 ὡσανεὶ

97 2569 398 2612 συμβεβηκότα
421 2570 644 2610 appellantur,
669 2574 766 2612 atque
789 2571 827 2601 de
843 2569 883 2601 iis
898 2569 1126 2610 praedicatur,
1156 2580 1193 2601 ea
1217 2579 1286 2601 esse
1316 2569 1466 2611 quidem,
1492 2570 1547 2600 sed
1576 2580 1641 2601 non
1656 2580 1713 2610 per

97 2643 152 2671 se,
179 2643 283 2675 neque
311 2636 421 2664 tamen
448 2643 516 2664 esse
542 2637 648 2674 partes
676 2643 862 2674 corporum,
890 2633 936 2664 ita
951 2636 989 2664 ut
1012 2632 1092 2664 haec
1117 2643 1158 2664 ex
1184 2632 1250 2663 illis
1278 2632 1343 2663 sint
1369 2631 1562 2672 composita:
1603 2632 1712 2673 potius

97 2699 174 2727 sunt
193 2706 301 2727 rerum
328 2695 550 2736 proprietates,
585 2706 602 2727 e
625 2696 743 2737 quibus
774 2695 924 2727 omnibus
958 2699 1147 2736 perpetuam
1185 2695 1307 2726 habent
1341 2705 1432 2726 suam
1473 2698 1644 2726 naturam:
1677 2696 1710 2727 ἐκ

98 2758 228 2790 τούτων
252 2759 414 2791 ἁπάντων
438 2760 500 2797 τὴν
523 2759 640 2791 ἑαυτοῦ
658 2760 756 2800 φύσιν
773 2759 852 2800 ἔχον
869 2759 977 2791 ἀΐδιον
1003 2757 1032 2800 (ξ
1052 2759 1117 2800 69).
1151 2760 1205 2790 καὶ
1229 2757 1394 2797 ἐπιβολὰς
1412 2758 1470 2797 μὲν
1487 2758 1607 2798 ἔχοντα
1627 2757 1712 2795 ἰδίας

98 2823 211 2854 πάντα
230 2823 323 2854 ταῦτ’
350 2821 422 2854 ἐστὶ
444 2823 500 2853 καὶ
522 2821 697 2862 διαλήψεις
713 2847 718 2853 .
735 2845 739 2852 .
757 2845 763 2851 .
778 2847 784 2854 .
812 2821 940 2862 οὐδαμῆ
965 2821 1230 2862 ἀποσχιζομένου
1255 2823 1326 2858 (τοῦ
1350 2822 1496 2862 ἀθρόου).
1543 2819 1712 2861 Contingit

98 2895 175 2916 vero
191 2884 377 2925 corporibus
401 2895 505 2924 saepe,
522 2888 560 2915 ut
580 2894 646 2915 non
676 2883 886 2924 sempiternas
909 2884 1051 2916 habeant
1078 2883 1251 2925 qualitates
1268 2885 1348 2921 (TO):
1373 2884 1455 2915 ὥστε
1472 2883 1511 2922 δὴ
1539 2885 1624 2915 κατὰ
1648 2885 1711 2922 τήν

99 2947 267 2986 πλείστην
289 2949 395 2988 φορὰν
434 2945 464 2989 (ᾗ
490 2948 529 2980 67
566 2957 705 2988 quoque,
732 2947 767 2978 in
789 2946 977 2978 definitione
1003 2946 1155 2978 vocabuli
1177 2948 1377 2988 ἀσώματον;
1410 2948 1495 2978 κατὰ
1525 2947 1587 2984 τὴν
1618 2947 1710 2978 πλεί-

99 3023 184 3050 στην
200 3009 343 3052 ὁμιλίαν)
368 3010 477 3052 τούτῳ
493 3011 541 3051 τῷ
561 3011 698 3050 ὀνόματι
721 3011 882 3051 χρώμενοι
905 3013 1051 3052 φανερὸν
1075 3012 1235 3051 ποιοῦμξν
1259 3011 1307 3040 τὰ
1331 3009 1592 3050 συμπτώματ’
1619 3009 1710 3041 οὔτε
