1894 3235
575 587 936 648 CAPUT
986 590 1421 652 PRIMUM.

786 889 870 927 DE
918 889 1221 930 ATOMlS.

833 1015 976 1069 (Lucr.
1008 1015 1079 1056 lib.
1112 1015 1165 1068 I).

248 1150 456 1198 Quoniam
486 1151 529 1192 in
562 1165 604 1192 se
637 1156 699 1192 est
730 1152 967 1193 absolutum
999 1151 1187 1193 Lucretii
1218 1165 1344 1207 opuS,
1377 1153 1507 1207 ipsius
1538 1167 1677 1194 rerum
1698 1157 1803 1195 trac-

190 1228 411 1270 tandarum
443 1230 542 1271 ordo
575 1230 804 1272 servandus
835 1244 926 1272 esse
957 1230 1076 1271 nobis
1107 1231 1220 1271 visus
1252 1235 1341 1272 est:
1388 1245 1647 1286 exponemus
1676 1232 1804 1286 igitur

191 1305 421 1347 doctrinam
456 1307 493 1347 1⁰
513 1307 563 1348 de
587 1308 762 1360 atomis,
796 1309 837 1349 2⁰
858 1307 908 1349 de
930 1307 1076 1348 mundi
1100 1321 1155 1349 ex
1177 1308 1327 1349 atomis
1350 1312 1472 1361 ortu,
1507 1310 1546 1349 3⁰
1570 1308 1620 1349 de
1642 1308 1803 1361 animo,

190 1385 231 1425 4⁰
277 1384 327 1425 de
374 1385 604 1426 simulacris
651 1390 693 1426 et
728 1385 887 1440 logica,
935 1388 979 1427 5⁰
1013 1385 1062 1427 de
1094 1386 1292 1427 meteoris
1323 1390 1364 1427 et
1397 1387 1436 1427 6⁰
1467 1386 1517 1427 de
1549 1386 1600 1426 iis
1630 1390 1804 1427 naturae

190 1461 518 1518 phaenomenis,
557 1477 663 1519 quae
713 1465 755 1504 in
788 1464 893 1505 libro
940 1469 1060 1505 sexto
1105 1469 1366 1517 tractantur,
1414 1464 1564 1505 deinde
1606 1464 1804 1506 moralem

189 1540 278 1581 eius
324 1540 578 1594 doctrinam,
626 1556 701 1597 per
737 1547 872 1583 totum
905 1557 1008 1598 opus
1041 1543 1296 1598 dispersam,
1336 1557 1430 1584 cum
1461 1542 1634 1598 Epicuri
1667 1541 1804 1583 ethice

189 1618 552 1673 comparabimus,
586 1633 667 1675 quo
698 1619 806 1661 facto
839 1619 889 1661 de
921 1634 1036 1661 nexu
1059 1621 1244 1661 omnium
1266 1620 1544 1676 placitorum,
1583 1620 1633 1661 de
1655 1623 1804 1675 poetae

189 1700 231 1736 et
277 1696 515 1752 philosophi
555 1698 717 1738 meritis
748 1698 791 1738 in
822 1698 971 1739 ultima
1009 1698 1105 1740 libri
1136 1703 1255 1754 parte
1287 1699 1519 1754 loquemur.
1581 1698 1804 1751 Omnibus,

189 1787 295 1829 quae
328 1787 383 1815 ex
414 1774 587 1830 Epicuri
620 1775 786 1830 scriptis
817 1775 1013 1830 colligere
1035 1776 1248 1831 potuimus
1268 1775 1441 1817 adiectis
1466 1775 1567 1816 locis
1589 1789 1804 1831 quousque

188 1851 377 1893 Lucretii
419 1866 513 1893 cum
546 1852 699 1894 Graeci
733 1851 972 1909 philosophi
1007 1852 1196 1894 doctrina
1227 1857 1453 1908 congruat,
1499 1852 1686 1908 patebit:
1732 1852 1804 1894 ubi

187 1929 298 1970 inter
329 1944 371 1971 se
404 1930 602 1972 differunt
633 1931 814 1986 amplius
845 1945 911 1972 res
942 1931 1162 1973 tractanda
1193 1931 1285 1973 erit.

245 2008 369 2049 Hanc
400 2009 604 2050 rationem
637 2014 779 2050 autem
811 2010 1006 2065 viamque
1038 2011 1080 2050 in
1111 2010 1213 2051 locis
1243 2009 1464 2051 laudandis
1493 2009 1625 2051 secuti
1648 2023 1802 2050 sumus.

188 2086 274 2127 Ubi
316 2100 371 2128 ex
410 2087 540 2142 ipsius
571 2087 746 2143 Epicuri
776 2087 1024 2143 fragmentis
1056 2089 1343 2129 testimonium
1374 2088 1523 2129 afferre
1554 2102 1637 2128 non
1667 2087 1804 2143 potui-

188 2178 304 2218 mus,
337 2164 390 2206 ad
423 2165 714 2206 Democritum
745 2165 1029 2220 confugimus,
1062 2179 1199 2221 quem,
1232 2170 1279 2206 ut
1300 2166 1441 2221 plures
1461 2170 1651 2206 veterum
1678 2165 1804 2220 scrip-

188 2247 325 2283 torum
357 2248 399 2284 et
420 2244 510 2299 ipsa
532 2244 749 2299 utriusque
771 2243 1010 2300 philosophi
1032 2243 1268 2298 fragmenta
1290 2248 1498 2284 testantur
1518 2248 1563 2296 ¹),
1594 2243 1802 2299 Epicurus

188 2326 355 2362 secutus
396 2327 471 2362 est.
533 2322 774 2377 Leucippus
820 2327 962 2363 autem
1005 2327 1046 2363 et
1077 2321 1344 2362 Democritus
1375 2321 1499 2362 unius
1531 2320 1801 2377 eiusdemque

187 2398 474 2455 philosophiae
507 2404 698 2440 auctores
730 2413 820 2441 esse
853 2399 1072 2452 videntur,
1110 2399 1381 2454 quamobrem
1412 2404 1665 2454 utrumque,
1698 2403 1801 2440 tam-

187 2490 312 2532 quam
359 2476 529 2532 Epicuri
571 2477 819 2532 exemplar,
866 2476 1142 2518 laudavimus.
1205 2476 1412 2524 Quoniam
1458 2490 1580 2531 porro
1611 2480 1799 2530 constat,

188 2558 230 2595 et
270 2554 313 2595 in
345 2554 615 2610 sequentibus
647 2554 1025 2606 demonstrabitur,
1072 2554 1317 2595 Lucretium
1349 2553 1441 2594 illos
1473 2558 1636 2595 veteres
1666 2552 1800 2609 philo-

188 2631 339 2687 sophos
370 2646 452 2673 non
483 2632 662 2687 legisse,
693 2632 811 2673 nobis
843 2632 990 2684 licuit,
1023 2632 1134 2672 locos
1156 2646 1207 2672 ex
1231 2645 1375 2672 eorum
1399 2631 1563 2687 scriptis
1584 2635 1798 2685 sumptos,

188 2714 401 2765 tamquam
432 2725 456 2750 a
486 2714 611 2765 poeta
643 2724 697 2751 ex
727 2709 900 2765 Epicuri
932 2709 1098 2765 scriptis
1120 2709 1343 2761 collectos,
1375 2708 1558 2750 laudare.
1611 2707 1814 2749 Similemv

188 2786 366 2842 denique
398 2787 603 2828 rationem
634 2787 750 2843 sequi
783 2787 825 2827 in
856 2786 1087 2828 Aristotele
1118 2786 1326 2827 laudando
1358 2787 1483 2827 licere
1514 2785 1632 2826 nobis
1663 2785 1798 2826 visum

232 2932 252 2967 ¹)
299 2931 418 2963 Merito
442 2931 483 2963 D.
507 2932 543 2963 L.
569 2930 600 2962 X
616 2956 624 2970 ‚
649 2935 688 2969 4,
727 2931 758 2964 ei
790 2930 930 2963 obicitur
969 2931 1056 2973 quod
1095 2932 1136 2963 τὰ
1160 2931 1368 2972 Δημοκρίτου
1390 2930 1465 2970 περὶ
1496 2931 1564 2960 τῶν
1592 2929 1794 2968 ἀτόμων...

186 2996 230 3031 ὡς
261 2995 325 3027 ῑδια
358 2997 452 3036 λέγει.
