1894 3235
879 168 928 208 17

101 303 241 356 mina,
289 307 330 344 et
375 307 489 344 tactu
535 303 848 358 percipiuntur,
896 316 994 356 ergo
1042 305 1165 342 sunt:
1205 301 1316 342 unde
1358 301 1474 357 sequi
1514 301 1707 343 videtur:

102 381 229 421 atomi
259 394 343 421 non
373 380 597 433 videntur,
629 385 814 421 attamen
845 380 925 421 alio
958 393 1082 420 sensu
1111 379 1427 434 percipiuntur,
1461 393 1559 433 ergo
1585 384 1708 432 sunt,

102 457 212 513 quod
257 462 400 512 aperte
431 457 581 498 falsum
614 462 702 509 est,
736 457 932 512 quoniam
964 456 1131 496 omnino
1163 456 1290 496 atomi
1320 455 1434 496 nullo
1465 469 1588 496 sensu
1618 469 1710 511 per-

102 536 324 590 cipiuntur.
372 560 425 564 —
474 535 652 587 Cetera,
695 548 801 590 quae
848 534 967 574 affert
1006 538 1158 588 poeta,
1203 533 1337 587 magis
1384 537 1480 573 sunt
1511 533 1563 574 ad
1593 547 1709 574 rem:

100 613 159 653 ibi
205 627 368 668 quoque
412 612 674 654 concluditur
720 625 856 667 neque
903 626 1026 652 sensu
1057 611 1314 666 percipitur,
1346 615 1487 666 partes
1518 611 1711 652 minimas

101 704 191 731 esse
222 691 266 730 in
296 690 449 743 rebus,
481 703 587 745 quae
619 704 697 730 usu
730 689 1031 730 diminuuntur.

159 767 312 809 Contra
368 767 664 823 philosophos,
723 768 793 822 qui
838 767 1049 821 negabant
1091 779 1135 806 re
1181 780 1282 807 vera
1326 779 1504 806 vacuum
1551 779 1640 806 esse
1666 765 1711 819 ¹),

101 845 323 887 Lucretius
362 845 447 898 ait,
493 850 661 900 praeter
705 850 864 886 atomos
906 859 995 885 esse
1027 858 1205 885 vacuum
1236 844 1281 884 in
1312 843 1583 898 corporibuS,
1629 858 1713 884 non

99 923 283 978 undique
315 923 488 978 stipatas
519 923 741 963 cohaerere
772 928 930 963 atomos
952 920 993 975 ²).

160 1000 280 1048 Quod
311 1001 345 1041 si
376 1015 459 1041 non
490 1006 621 1053 esset,
675 1001 716 1040 10
744 1001 859 1041 nulla-
889 1000 1049 1040 ratione
1080 999 1238 1039 moveri
1269 1013 1334 1039 res
1366 1002 1559 1054 possent,
1601 998 1713 1054 prin-

103 1077 258 1132 cipium
289 1077 483 1132 quoniam
517 1077 690 1117 cedendi
723 1077 837 1117 nulla
875 1076 992 1117 daret
1027 1089 1115 1129 res,
1162 1076 1263 1130 quin
1297 1076 1402 1116 imo:
1436 1076 1579 1129 genita
1611 1081 1714 1126 (cor-

102 1156 217 1209 pora)
269 1155 435 1195 omnino
480 1154 596 1194 nulla
641 1154 801 1194 ratione
833 1153 1035 1205 fuissent,
1077 1152 1261 1207 undique
1292 1152 1488 1193 materies
1519 1152 1715 1207 quoniam

104 1232 257 1287 stipata
289 1233 500 1288 quiesset3
548 1232 592 1272 20
628 1246 759 1287 aquae
792 1239 1013 1286 ceteraque
1045 1230 1172 1271 fluida
1203 1244 1286 1271 non
1316 1244 1391 1285 per
1423 1245 1524 1271 saxa
1554 1244 1715 1285 perma-

103 1315 265 1362 narent,
287 1317 336 1350 ut
356 1310 400 1350 in
421 1310 630 1365 speluncis
652 1309 861 1350 interdum
883 1308 1072 1361 videtur,
1097 1309 1139 1348 30
1160 1308 1328 1363 plantae
1352 1313 1393 1348 et
1415 1308 1613 1348 animalia
1633 1322 1717 1348 non

105 1393 357 1440 crescerent,
389 1388 486 1443 quia
518 1387 634 1428 cibus
666 1401 740 1442 per
763 1401 934 1442 corpora
954 1400 1038 1426 non
1066 1390 1206 1441 posset
1231 1385 1451 1438 distribui3
1484 1385 1528 1426 40
1559 1385 1717 1426 sonitus

102 1478 178 1519 per
225 1464 326 1506 dura
368 1479 541 1519 corpora
570 1479 650 1505 non
685 1465 882 1505 transiret
913 1477 1049 1519 neque
1081 1463 1212 1517 frigus
1244 1463 1296 1503 ad
1327 1477 1418 1503 ossa
1448 1468 1715 1517 penetraret3

106 1541 150 1583 50
179 1542 293 1582 aliud
315 1556 463 1597 corpus
485 1542 569 1594 alii,
592 1542 682 1596 pari
704 1542 930 1594 volumine,
962 1541 1146 1596 pondere
1167 1555 1250 1581 non
1270 1545 1516 1595 praestaret.
1559 1540 1717 1588 Quodsi

105 1620 312 1672 obicitur,
345 1620 480 1674 pisces
512 1620 704 1660 celeriter
735 1633 835 1660 nare
866 1633 941 1674 per
973 1633 1150 1674 aquam,
1184 1632 1278 1658 cum
1309 1624 1451 1658 tamen
1473 1632 1652 1658 vacuum
1673 1618 1716 1658 in

105 1711 154 1738 ea
190 1711 274 1738 non
304 1697 582 1752 percipiatur,
631 1698 727 1752 quia
758 1711 890 1752 aquae
922 1698 1059 1738 locum
1092 1702 1296 1752 occupant
1328 1711 1351 1737 a
1382 1697 1567 1752 piscibus
1597 1697 1716 1738 relic-

104 1779 222 1827 tum,
268 1775 493 1830 respondet
538 1779 704 1827 noster,
751 1775 793 1815 id
839 1774 1159 1830 phaenomenon
1200 1775 1339 1830 potius
1385 1775 1562 1829 probare
1595 1788 1717 1815 suum

106 1852 262 1893 dictum
307 1866 432 1907 quam
477 1851 696 1905 refellere,
744 1866 841 1892 nam
886 1852 1054 1892 initium
1096 1856 1234 1893 motus
1277 1852 1450 1906 cogitari
1481 1866 1564 1892 non
1595 1865 1716 1907 posse

104 1929 185 1970 nisi
215 1929 339 1970 inane
372 1929 451 1981 sit,
493 1943 573 1984 quo
606 1943 713 1984 aqua
743 1934 904 1970 remota
934 1930 1096 1970 refluat.
1158 1929 1376 1969 Postremo
1409 1929 1575 1969 additur
1605 1929 1719 1970 aliud

106 2012 427 2062 argumentum,
477 2021 558 2062 quo
606 2007 863 2048 demonstrat
909 2016 1035 2062 poeta-
1079 2020 1188 2059 non,
1234 2011 1280 2047 ut
1324 2007 1367 2047 in
1409 2007 1716 2062 superioribus,

105 2085 229 2125 inane
252 2098 342 2125 esse
363 2084 407 2124 in
429 2084 693 2139 corporibUS,
717 2084 791 2125 sed
812 2085 940 2125 etiam
961 2098 1141 2125 vacuum
1162 2084 1253 2125 fieri
1275 2098 1396 2140 posse
1419 2099 1494 2140 per
1517 2099 1573 2126 se.
1606 2086 1646 2126 N
1650 2100 1717 2126 am

107 2162 141 2202 si
163 2162 268 2215 duo,
289 2162 444 2217 inquit,
467 2175 663 2216 corpora,
687 2161 865 2202 alterum
887 2175 980 2202 cum
999 2162 1129 2202 altero
1153 2162 1441 2215 coniunctum,
1465 2163 1546 2203 cito
1569 2163 1717 2203 dissili—

106 2244 206 2292 unt,
237 2253 416 2280 vacuum
447 2252 537 2279 esse
570 2238 721 2291 debet,
755 2238 951 2294 quoniam
973 2252 1044 2279 aer
1065 2253 1273 2294 quemque
1294 2239 1455 2292 locum,
1484 2240 1593 2281 inter
1613 2240 1716 2282 haec

108 2331 280 2372 corpora
325 2322 485 2369 ortum,
532 2331 615 2357 non
657 2316 804 2357 eodem
851 2317 1050 2372 temporis
1081 2322 1235 2372 puncto
1267 2318 1475 2373 complere
1506 2323 1644 2373 potest
1677 2323 1718 2359 et

108 2394 273 2435 etiamsi
297 2399 459 2449 posset,
489 2399 631 2435 tamen
652 2394 695 2434 id
717 2395 854 2450 ipsum
876 2409 1018 2435 rursus
1039 2394 1129 2435 fieri
1151 2409 1235 2436 non
1256 2400 1419 2450 posset,
1452 2396 1532 2436 nisi
1553 2396 1597 2436 in
1619 2409 1715 2437 aere

107 2472 196 2527 ipso
226 2486 405 2513 vacuum
435 2476 556 2512 esset.
596 2471 779 2525 Deinde,
802 2476 895 2527 post
917 2485 1158 2525 excursum,
1191 2486 1297 2528 quae
1320 2472 1578 2527 praecedunt
1602 2487 1716 2514 resu-

107 2563 227 2590 mens
272 2550 327 2590 sic
373 2550 511 2604 pergit
551 2555 701 2604 poeta:
749 2550 929 2603 „omnis,
976 2554 1023 2590 ut
1069 2556 1158 2603 est,
1202 2551 1331 2604 igitur
1371 2565 1446 2606 per
1493 2565 1536 2592 se
1567 2556 1718 2592 natura

110 2626 270 2668 duabus
316 2627 501 2667 constitit
546 2627 589 2666 in
630 2626 776 2667 rebus:
824 2641 922 2668 nam
964 2641 1137 2682 corpora
1178 2632 1301 2681 sunt,
1349 2632 1390 2669 et
1420 2629 1567 2682 inane,
1614 2628 1717 2670 haec

155 2839 176 2876 ¹)
224 2838 313 2871 Sbob.
327 2838 396 2870 Ecl.
411 2839 439 2876 I,
454 2840 532 2871 378:
558 2841 671 2878 θαλῆς
687 2841 742 2871 καὶ
758 2840 860 2880 ἕτεροι
877 2842 1005 2881 φυσικοὶ
1033 2842 1068 2871 ro
1093 2845 1189 2873 κενὸν
1206 2842 1249 2878 ὡς
1273 2843 1377 2877 ὅντως
1394 2843 1488 2873 κενὸν
1504 2840 1718 2882 ἀπέγνωσαν.

110 2901 354 2942 Ἐμπεδοκλῆςῑ
380 2902 455 2934 οὐδὲ
479 2915 510 2933 τι
534 2905 591 2933 τοῦ
616 2905 744 2939 παντὸς
768 2906 878 2936 κενεὸν
903 2903 996 2935 πέΧει
1025 2903 1098 2935 οὐδὲ
1128 2904 1296 2944 περιττόν.
1339 2902 1388 2934 Cf.
1406 2902 1494 2934 Piut.
1510 2903 1592 2943 plac.
1611 2903 1647 2941 Ι,
1669 2905 1717 2934 18.

154 2962 194 3010 2),
223 2963 363 3003 Versus,
403 2963 460 3005 qui
488 2967 669 3005 sequuntur
702 2963 894 3005 (331—333)
928 2968 1014 2996 recte
1047 2964 1183 2996 Lotzius
1204 2964 1239 2996 in
1262 2964 1379 2996 Pffllol.
1403 2964 1494 3003 VH,
1527 2975 1557 3005 p.
1583 2967 1644 2996 699
1666 2964 1719 2996 hic

111 3025 275 3067 omittere,
299 3031 410 3059 contra
430 3027 570 3059 inserere
591 3032 664 3068 post
686 3030 747 3059 399
769 3028 850 3059 mihi
872 3028 1011 3060 videtur.

1522 3093 1548 3133 2
