1894 3235
971 110 1021 150 12

239 239 500 295 Principium
532 242 688 295 igitur,
721 242 832 297 quod
863 243 980 298 quasi
1012 243 1331 284 fundamentum
1363 244 1440 284 toti
1471 243 1670 300 physicae
1702 245 1796 288 doc-

187 317 318 358 trinae
369 318 520 360 subicit
570 320 820 372 Lucretius,
874 325 937 361 est
988 321 1090 362 hoe:
1147 322 1328 374 „nullam
1374 335 1463 362 rem
1509 336 1531 363 e
1563 323 1648 364 nilo
1679 324 1796 379 gigni

184 394 383 436 divinitus
428 398 639 452 unquam''
663 398 721 450 ¹),
771 398 866 438 vel:
919 399 1003 450 „nil
1036 413 1156 454 posse
1189 400 1319 439 creari
1354 399 1403 440 de
1435 400 1547 440 nilo''
1566 401 1595 453 2)
1615 433 1624 451 ,
1672 415 1796 456 quam

183 473 435 514 sententiam
467 473 676 529 Epicurus
697 473 728 527 3)
762 488 785 515 0
807 474 1047 516 Democrito
1064 475 1094 525 4)
1128 477 1332 531 sumpsit:
1365 476 1526 518 addidit
1548 482 1676 535 poeta
1693 478 1798 519 illud

183 549 396 603 divinitus,
430 551 539 606 quod
570 551 674 592 haec
707 556 770 592 cst
792 566 916 593 eausa
937 552 1154 594 hominum
1186 555 1384 607 terroris,
1418 568 1542 610 quem
1565 555 1649 596 tela
1670 569 1796 597 verae

184 630 359 668 naturae
391 628 563 668 rationis
597 628 804 669 discutere
837 628 1045 683 debeant,
1093 630 1206 686 quod
1237 631 1315 671 diis
1348 645 1397 672 ea
1429 632 1645 685 tribuunt,
1691 647 1797 689 quae

183 704 274 760 ipsa
306 705 431 746 efficit
462 710 635 759 natura3
668 706 827 747 addidit
859 712 1077 762 praeterea
1108 723 1320 763 unquam,
1353 715 1398 751 ut
1433 725 1557 765 (1110111
1581 711 1798 753 absolutis-

183 781 286 822 sime
318 788 492 837 poneret
524 783 776 838 primfipium
808 788 1086 840 negaretque,
1120 799 1203 826 non
1234 786 1367 827 solum
1400 787 1629 828 (10031111110
1650 801 1798 843 regere

183 859 415 913 mundum,
447 874 594 901 verum
627 861 753 902 etiam
787 876 972 917 unquam
1003 863 1222 904 materiem
1255 864 1306 904 ab
1337 864 1387 905 iis
1418 878 1440 905 0
1462 865 1592 906 11111110
1615 870 1798 907 creatam

183 951 286 978 esse.
348 938 545 979 Continet
591 939 721 993 igitur
766 939 870 980 11000
902 940 1113 981 sententia
1143 940 1253 995 apud
1284 941 1528 983 Lucretium
1560 943 1653 998 plus
1674 957 1799 999 quam

183 1014 294 1070 apud
325 1015 413 1056 eius
445 1020 664 1070 auctores,
698 1017 769 1058 sed
801 1017 907 1058 hane
940 1017 991 1058 ob
1024 1032 1189 1059 causam
1222 1018 1361 1059 minus
1393 1024 1456 1060 est
1487 1034 1598 1062 vera.

246 1093 455 1148 Epicurus
486 1094 597 1135 inter
629 1093 762 1144 ἄδηλα
796 1095 910 1136 illam
949 1096 1201 1137 sententiam
1233 1102 1424 1138 recenset
1455 1098 1481 1138 i.
1514 1112 1549 1139 e.
1582 1099 1692 1139 inter
1723 1113 1799 1154 ea,

187 1185 294 1226 quae
322 1186 406 1212 non
439 1171 514 1213 sub
547 1186 692 1214 sensus
724 1173 878 1214 cadunt
899 1187 1089 1229 quaeque
1110 1173 1217 1215 hanc
1241 1174 1292 1215 ob
1316 1188 1404 1215 rem
1426 1175 1673 1230 probatione
1694 1177 1800 1217 indi-

185 1253 286 1304 gent
308 1249 338 1299 5)
387 1255 428 1291 et
468 1250 562 1291 ideo
602 1265 695 1291 eam
725 1251 902 1307 probare
935 1256 1134 1292 conatur:
1168 1255 1251 1294 πᾶυ
1283 1253 1364 1308 γὰρ
1397 1255 1438 1295 ἐκ
1469 1255 1626 1302 παντὸς
1657 1255 1800 1310 ἐγίνετ’

184 1326 236 1368 ἄν
268 1329 514 1381 σπερμάτων
547 1347 593 1383 γε
626 1329 752 1371 οὐδὲν
784 1326 1091 1384 προςδεόμενου
1109 1331 1161 1382 ⁰),
1194 1328 1271 1370 hoe
1304 1333 1394 1370 est:
1441 1330 1475 1370 Si
1507 1343 1562 1370 ex
1593 1344 1656 1384 eo,
1687 1330 1799 1386 quod

182 1418 264 1446 non
297 1410 378 1459 est,
410 1406 457 1446 fit
488 1405 598 1462 quod
630 1410 705 1459 est,
738 1420 820 1447 non
854 1410 917 1447 est
949 1420 1074 1447 causa
1105 1407 1229 1448 rebus
1261 1407 1512 1461 gignundis,
1549 1408 1622 1449 sed
1653 1408 1687 1449 si
1718 1422 1801 1450 non

187 1488 250 1524 est
281 1498 406 1525 causa
437 1484 562 1525 rebus
584 1484 828 1539 gignundis,
850 1484 956 1524 nihil
977 1484 1167 1540 impedit,
1191 1485 1412 1540 quominus
1434 1486 1574 1527 omnia
1596 1500 1650 1527 cx
1671 1487 1801 1528 omni-

182 1560 259 1602 bus
303 1561 433 1615 fiant,
476 1562 586 1618 quod
632 1562 828 1617 quoniam
874 1576 956 1602 11011
988 1562 1061 1615 fit,
1109 1566 1243 1603 certas
1275 1576 1420 1603 causas
1450 1562 1607 1604 habent
1637 1577 1731 1617 res,
1777 1577 1800 1605 e

182 1639 332 1694 quibus
363 1640 554 1680 oriuntur
585 1653 721 1696 neque
761 1653 783 1680 0
815 1639 944 1680 nihilo
976 1640 1073 1681 oriri
1107 1644 1291 1695 possunt.

238 1717 394 1758 Iisdem
440 1718 578 1759 verbis
622 1717 709 1758 fere
756 1718 1006 1759 Lucretius:
1054 1733 1151 1759 nam
1195 1719 1227 1759 si
1275 1718 1325 1759 de
1367 1719 1450 1759 nilo
1488 1718 1664 1772 fierent,
1720 1734 1801 1773 „ex

181 1795 366 1836 omnibu'
413 1795 538 1836 rebus
584 1809 706 1837 omne
753 1809 886 1850 genus
918 1796 1032 1836 nasci
1064 1801 1232 1850 posset,
1269 1796 1328 1836 nil
1359 1797 1519 1837 semine
1551 1798 1722 1852 egeret-'²
1745 1796 1799 1852 ἶ);

182 1872 255 1913 sed
297 1873 494 1928 quoniam
543 1873 734 1914 videmus
788 1874 938 1926 „certis
979 1873 1022 1914 in
1068 1873 1194 1914 rebus
1240 1874 1376 1915 inesse
1423 1879 1628 1916 secretam
1675 1876 1715 1928 (i.
1760 1889 1795 1916 e.

182 1950 267 1992 suis
313 1951 465 1992 finibus
503 1951 878 2007 circumscriptam)
926 1951 1274 2005 facultatem‘''‘⁵),
1322 1966 1404 2008 qua
1449 1966 1571 1993 suum
1618 1952 1799 2009 quidque

184 2029 368 2084 profert,
403 2055 455 2058 -—
492 2029 632 2071 omnia
664 2044 738 2070 suo
774 2034 963 2085 tempore
988 2043 1175 2070 01030010
1217 2043 1353 2085 neque
1399 2030 1571 2082 „alienis
1612 2031 1800 2086 partibus

183 2107 280 2148 anni
299 2107 337 2160 ,’'
385 2133 435 2136 ——
487 2108 627 2149 omnia
668 2108 871 2163 paulatim
903 2121 1089 2149 crescere
1121 2121 1257 2163 neque
1290 2107 1508 2148 subitaneo
1541 2112 1636 2149 ortu
1667 2109 1797 2150 exsis-

181 2188 270 2226 tere
287 2185 344 2239 0),
379 2210 430 2214 —
463 2185 714 2226 animalibus
745 2185 836 2227 cibo
869 2199 973 2240 opus
1005 2198 1094 2226 esse
1125 2184 1178 2225 ad
1210 2185 1340 2225 vitam
1371 2185 1618 2226 servandam
1642 2184 1710 2240 10);
1744 2211 1797 2215 -

227 2349 251 2390 ¹)
298 2351 334 2389 Ι,
363 2352 433 2381 150.

223 2414 236 2433 ²
299 2414 339 2451 Ι,
367 2415 436 2445 156.

223 2477 249 2518 3)
299 2476 338 2508 D.
364 2476 412 2515 L,
437 2476 482 2514 X,
507 2477 568 2506 38:
594 2474 690 2507 οὐδὲν
713 2475 839 2516 γίνεται
863 2474 896 2505 ἐκ
922 2476 980 2505 τοῦ
1004 2475 1048 2514 μή
1071 2474 1179 2510 ὄντος.

229 2541 249 2579 ¹)
299 2540 339 2571 D.
365 2540 416 2578 L,
442 2539 490 2571 IX
507 2563 514 2577 ‚
539 2542 601 2570 44:
627 2538 728 2578 μηδὲν
754 2539 782 2568 τ’
800 2538 833 2568 ἐκ
853 2540 910 2569 τοῦ
934 2539 978 2578 μή
1002 2538 1102 2574 ὄντος
1128 2538 1287 2579 γίνεσθαι.

230 2604 250 2645 ’)
298 2603 340 2634 D.
366 2603 427 2641 L.‚
453 2602 493 2633 X.
520 2603 578 2633 39:
605 2603 792 2644 ἀναγκαῖον
817 2603 854 2634 τὸ
881 2600 1009 2638 ἄδηλον
1035 2603 1085 2641 τῷ
1108 2601 1260 2642 λογισμῷ
1285 2602 1530 2642 τεκμαίρεσθαι,

244 2676 251 2703 l

299 2666 340 2698 D.
366 2666 424 2704 L.,
449 2665 491 2696 X.
518 2666 567 2696 39.

223 2860 248 2891 ΙΝ)
293 2855 349 2886 vs.
378 2856 556 2888 174—184.

224 2918 249 2958 9)
298 2917 357 2948 vs.
384 2919 561 2948 184—192.

214 2980 253 3020 ¹⁰)
297 2979 352 3012 Vs.
383 2981 557 3012 192—198.
