1894 3235
871 170 924 209 33

93 313 175 340 non
219 304 369 355 potest.
430 300 637 356 Epicurus
678 302 733 343 sic
778 302 1052 343 ratiocinatur
1074 302 1110 355 ¹).
1176 302 1433 343 Universum
1474 306 1536 343 est
1565 302 1701 343 infini-

91 380 207 430 tum,
253 378 326 418 sed
368 378 447 419 hoc
492 379 735 420 universum
777 379 936 420 duobus
983 380 1116 421 modis
1146 380 1380 421 intellectui
1412 394 1455 420 se
1489 380 1699 421 ostendit:

92 459 138 496 ut
169 456 350 510 spatium
381 456 467 497 sive
498 471 705 510 vacuum,
739 457 849 512 quod
879 457 1003 498 rebus
1034 458 1172 498 locum
1201 458 1375 512 praebet
1394 491 1403 511 ‚
1425 458 1469 498 in
1490 472 1570 513 quo
1593 462 1703 499 stent

92 536 134 572 et
163 537 432 586 moveantur,
465 537 589 588 atque
621 538 667 573 ut
699 538 857 574 atomos
889 538 931 574 et
953 548 1125 590 corpora
1148 548 1203 575 ex
1223 534 1288 574 his
1310 538 1564 588 constructa,
1597 548 1703 590 quae

90 608 168 650 hoc
214 610 395 664 spatium
439 610 661 665 complent.
724 610 913 666 Utroque
962 611 1129 652 nomine
1160 611 1368 651 infinitum
1402 616 1488 652 est:
1522 625 1619 652 nam
1651 611 1702 652 de

90 687 377 740 magnitudine
424 687 599 728 duarum
645 702 784 728 rerum
816 689 895 728 tria
926 689 1101 742 cogitari
1131 693 1330 743 possunt:
1379 694 1452 729 aut
1481 693 1702 744 utramque

90 778 180 806 esse
211 765 445 818 infinitam,
493 770 565 806 aut
596 766 770 806 alteram
798 772 957 819 utram,
999 771 1072 807 aut
1102 766 1275 807 nullam.
1334 767 1525 808 Tertium
1561 772 1703 808 tamen

90 841 158 883 hic
205 843 467 883 excluditur:
515 858 612 884 nam
659 844 691 884 si
737 849 988 899 utrumque,
1031 845 1212 899 spa-tium
1256 848 1297 885 et
1328 845 1551 898 materies,
1597 849 1705 886 esset

89 920 275 974 finitum,
306 921 549 961 universum
580 921 790 961 infinitum
822 935 910 962 esse
942 935 1027 961 non
1056 926 1209 976 posset.
1258 922 1432 962 Manent
1462 922 1593 976 igitur
1622 922 1703 963 duo

89 999 241 1053 priora..
301 999 360 1039 At
405 999 584 1039 alterum
625 999 777 1039 rationi
817 1004 1052 1054 repugnat,
1100 1003 1146 1039 ut
1193 999 1530 1040 demonstratur:
1579 1000 1704 1041 relin-

91 1076 232 1130 quitur
252 1076 381 1130 igitur
403 1077 596 1131 primum.
658 1076 781 1117 Hanc
804 1080 945 1117 tamen
967 1076 1172 1117 rationem
1195 1076 1418 1117 Lucretius
1442 1078 1541 1130 (984
1574 1081 1703 1133 seqq.)

89 1168 171 1194 non
213 1158 405 1195 accurate
452 1163 618 1195 secutus
659 1161 748 1207 est,
796 1155 883 1195 sive
930 1154 1040 1209 quod
1083 1155 1128 1194 in
1169 1154 1400 1195 referendis
1445 1156 1705 1210 argumentis

91 1246 208 1272 suam
254 1232 350 1272 iniit
392 1232 532 1284 viam⁷
580 1232 666 1272 sive
709 1232 820 1287 quod
864 1233 908 1272 in
954 1233 1045 1273 aliis
1075 1232 1190 1273 libris
1222 1232 1429 1287 Epicurus
1465 1234 1586 1275 aliter
1616 1248 1705 1275 rem

94 1309 301 1364 exposuit.
362 1309 496 1350 Poeta
541 1310 679 1362 enim,
722 1309 832 1364 quod
871 1310 954 1350 iam
996 1309 1205 1362 diximus,
1254 1309 1304 1350 de
1355 1310 1518 1351 infinita
1557 1316 1707 1352 natura

92 1387 292 1427 materiae
322 1370 326 1375 .
352 1391 394 1427 et
440 1387 560 1428 vacui
605 1401 647 1427 se
696 1386 904 1427 dicturum
951 1400 1040 1427 esse
1087 1387 1177 1441 ipse
1224 1386 1323 1427 dicit
1363 1402 1422 1428 vs.
1465 1390 1705 1429 951—957.

92 1463 201 1504 Mira
242 1477 340 1518 ergo
383 1463 567 1504 turbatio
610 1468 719 1504 esset
765 1463 797 1503 si
841 1463 990 1503 deinde
1022 1467 1218 1518 pergeret
1250 1478 1324 1518 per
1369 1464 1706 1505 coniunctionem

92 1542 224 1596 iyitur
274 1546 502 1582 annectens
533 1541 585 1582 ad
618 1542 831 1596 superiora
863 1541 1260 1582 domonstrationem
1294 1541 1343 1581 de
1375 1542 1585 1583 infinitate
1620 1543 1706 1583 uni-

91 1618 201 1659 versi
233 1623 277 1668 2).
339 1619 449 1660 Satis
495 1624 637 1660 autem
677 1619 896 1674 perspicue
927 1619 1128 1659 indicavit
1160 1633 1203 1659 se
1235 1633 1415 1660 vacuum
1440 1620 1705 1673 absolutum,

91 1700 138 1736 ut
168 1692 227 1737 ita
258 1696 413 1749 dicam,
451 1710 548 1749 „seu
578 1697 716 1737 locum
748 1711 794 1737 ac
826 1696 1008 1751 spatium
1039 1711 1104 1737 res
1135 1697 1178 1736 in
1207 1711 1286 1752 quo
1326 1711 1517 1752 quaeque
1555 1711 1706 1752 gerun-

163 1773 186 1790 θ’

90 1777 159 1814 tur
231 1773 299 1815 hic
346 1778 443 1815 ante
492 1774 631 1815 oculos
677 1773 860 1827 habere,
908 1774 1018 1829 quod
1049 1774 1082 1814 si
1113 1788 1196 1814 non
1226 1775 1533 1829 praeterimus,
1584 1775 1705 1816 facile

92 1852 232 1892 omnia
273 1852 551 1907 explicantur.
632 1851 790 1904 „Omne
839 1851 950 1907 quod
995 1853 1084 1892 est⁷'
1133 1857 1207 1902 (vs.
1257 1854 1354 1902 958)
1404 1853 1517 1893 enim
1563 1853 1705 1894 referi-

133 2033 161 2072 1)
206 2033 284 2064 Post
306 2032 414 2064 locum
437 2032 496 2064 sub
519 2037 586 2064 not.
613 2035 653 2063 2.
678 2033 822 2073 praeced.
846 2043 919 2074 pag.
946 2032 989 2064 sic
1013 2032 1140 2074 pergit:
1167 2034 1220 2065 καὶ
1246 2035 1313 2073 μὴν
1337 2035 1392 2064 καὶ
1418 2035 1465 2074 τῷ
1491 2034 1616 2072 πλῆθει
1640 2038 1706 2066 τῶν

91 2097 255 2137 σωμάτων
287 2097 426 2136 ἄπειρόν
459 2096 527 2127 ἐστι
553 2099 589 2128 τὸ
615 2099 703 2133 πᾶν,
741 2098 794 2127 rai
829 2098 877 2137 τῷ
910 2097 1034 2137 μεγέθει
1071 2098 1132 2128 τοῦ
1156 2098 1251 2127 κενοῦ
1270 2120 1276 2126 .
1307 2099 1367 2128 εἶτε
1393 2098 1454 2138 γὰρ
1482 2097 1523 2135 ἦν
1548 2100 1583 2130 τὸ
1609 2098 1706 2129 κεινὸν

91 2160 239 2199 ἄπειρον,
266 2160 307 2190 τὰ
331 2158 362 2190 δὲ
387 2160 522 2198 σώματα
547 2159 731 2199 ὡρισμένα,
761 2158 906 2199 οὺέαμοῦ
931 2159 974 2190 ἂν
997 2159 1084 2198 ἔμενε
1110 2161 1149 2189 τὰ
1175 2161 1332 2200 σώματα,
1366 2160 1444 2192 ἀλλ’
1469 2160 1597 2201 ἐφέρετο
1621 2161 1706 2191 κατὰ

93 2222 131 2254 τὸ
168 2223 308 2262 ἄπειρον
341 2225 436 2254 κενὸν
461 2221 704 2262 διεσπαρμένα,
741 2223 800 2253 οὐκ
823 2222 947 2261 ἔχοντα
974 2223 1014 2252 τὰ
1041 2220 1256 2261 ὑπερείδοντα
1283 2224 1339 2252 καὶ
1362 2223 1591 2254 συστέΧλοντα
1621 2225 1705 2254 κατὰ

92 2286 152 2322 τὰς
176 2286 449 2322 ἀνακοπάςᾋῖτε
475 2288 511 2317 τὸ
536 2285 635 2316 κενὸν
662 2285 704 2322 ἦν
727 2286 929 2323 ώοισμένον,
962 2285 1003 2315 τὰ
1032 2283 1062 2315 δὲ
1087 2285 1223 2325 σώματα
1247 2285 1389 2325 ἄπειρα,
1425 2285 1484 2317 οὐκ
1509 2285 1552 2316 ἂν
1576 2287 1639 2326 εἶχε
1664 2287 1706 2317 τὰ

92 2348 212 2387 ἄπειρα
236 2349 386 2387 σώματα,
412 2349 497 2380 ὅπου
522 2348 565 2379 ἂν
588 2347 677 2385 ἔστη.
726 2346 879 2378 Sambuci
916 2346 1134 2378 coniecturam
1171 2347 1403 2379 συστέλλοντα
1441 2352 1572 2379 secutus
1611 2359 1704 2388 sum,

91 2419 150 2450 pro
173 2411 370 2442 στέλλοντα.

135 2471 161 2512 ²)
209 2471 369 2503 Munrous
391 2482 465 2513 pag.
491 2473 574 2504 397:
615 2472 697 2509 „but
732 2472 803 2503 first
838 2471 888 2503 for
910 2471 965 2502 the
989 2471 1065 2502 sake
1088 2471 1125 2502 of
1144 2471 1383 2512 completeness
1405 2471 1446 2504 he
1469 2476 1568 2504 states
1589 2472 1625 2503 in
1647 2483 1706 2504 our

95 2538 228 2573 present
250 2533 373 2565 section
395 2533 468 2565 that
489 2533 545 2565 the
567 2534 719 2565 universe
742 2544 777 2565 or
799 2545 883 2564 omne
905 2544 941 2565 or
964 2535 1001 2565 τὸ
1026 2537 1097 2565 πᾶν
1119 2533 1147 2564 is
1163 2533 1299 2564 infinite.
1347 2533 1451 2565 There
1471 2544 1531 2565 can
1546 2533 1584 2565 of
1594 2544 1705 2565 course

93 2595 244 2637 properly
269 2595 427 2636 speaking
449 2595 488 2627 be
511 2606 553 2627 no
576 2596 672 2636 proof
692 2596 729 2628 of
747 2595 812 2627 this
836 2607 870 2627 as
897 2597 992 2627 Lucr.
1020 2596 1078 2626 has
1102 2596 1216 2638 wisely
1240 2606 1335 2627 seen:
1374 2596 1401 2627 it
1429 2600 1517 2628 must
1537 2596 1620 2627 from
1649 2595 1705 2627 the

93 2665 211 2688 nature.
241 2658 278 2689 of
303 2657 358 2689 the
393 2668 464 2689 case
493 2657 533 2689 be
564 2658 676 2689 shewn
698 2658 743 2700 by
770 2669 788 2689 a
813 2658 910 2690 series
941 2659 977 2690 of
1002 2658 1157 2689 identical
1184 2657 1419 2699 proposifions,
1461 2658 1524 2689 0311
1552 2658 1642 2689 them
1671 2669 1705 2689 as

93 2730 161 2762 you
200 2719 308 2760 please
338 2719 523 2751 definitions
548 2721 727 2761 postulates
757 2731 792 2752 or
821 2721 978 2752 axiomsfi
1025 2721 1101 2752 Non
1132 2720 1226 2752 video
1261 2723 1360 2760 iye‘tm·
1385 2719 1469 2751 hanc
1495 2719 1705 2761 significatio-

93 2792 186 2820 nem,
217 2793 314 2823 quam
346 2782 397 2812 vir
424 2783 537 2813 doctus
566 2783 724 2814 vocabulo
755 2783 891 2821 tribuit,
922 2795 1066 2824 unquam
1086 2783 1222 2821 habere,
1255 2793 1360 2823 neque
1381 2782 1449 2814 ullo
1473 2783 1706 2822 complemento

94 2854 175 2884 opus
204 2855 295 2883 esse,
330 2844 358 2875 si
387 2844 451 2875 iam
485 2844 640 2884 probatur
669 2850 701 2876 et
727 2846 893 2877 materiem
924 2851 955 2877 et
986 2857 1126 2877 vacuum
1155 2845 1284 2876 infinita
1313 2855 1398 2883 esse,
1441 2856 1545 2886 neque
1574 2846 1705 2877 tandem

94 2907 164 2938 ullo
197 2908 291 2939 modo
320 2907 404 2938 hanc
438 2905 891 2940 demonstrationem'natura
918 2909 1097 2949 discrepare
1123 2908 1163 2939 ab
1189 2908 1280 2946 aliis,
1309 2919 1388 2949 quas
1413 2908 1574 2949 Epicurus
1590 2912 1622 2940 et
1638 2908 1704 2939 Lu-

99 2969 219 3001 cretius
252 2969 288 3001 in
317 2969 504 3002 huiusmodi
533 2971 868 3011 argumentationibus
883 2972 1072 3012 proferunt,
1100 2982 1174 3002 cum
1202 2970 1316 3002 iisdem
1326 2972 1460 3010 probare
1482 2971 1528 3012 sit
1540 2971 1706 3002 ostendere

95 3031 218 3064 ratione
250 3043 316 3064 non
347 3032 454 3065 refelli
483 3034 570 3075 quod
597 3033 730 3074 ponitur
759 3038 816 3065 aut
844 3034 963 3066 rationi
993 3044 1173 3075 repugnare
1202 3034 1288 3076 quod
1320 3038 1468 3075 negatur.

1508 3098 1534 3138 3
