1894 3235
935 130 1013 168 112

165 266 306 303 autem
340 261 550 302 elementa
581 261 653 302 illa
674 274 764 302 esse
786 261 889 302 mihi
912 262 1131 315 videntur,
1164 276 1270 317 quae
1293 261 1514 304 Lueretius
1534 267 1779 316 enumerat,

162 354 260 381 nam
301 340 429 381 atomi
463 353 552 380 esse
584 353 666 379 non
698 343 872 394 possunt
903 354 998 380 cum
1030 340 1108 381 hae
1142 341 1224 381 sint
1256 341 1550 382 immutabiles.
1586 367 1637 371 —
1661 341 1781 383 Ordi-

162 431 259 458 nem
290 421 634 471 argumentorum
666 415 777 470 apud
809 416 1052 457 Lucretium
1086 422 1248 458 rectum
1278 431 1367 458 esse
1390 431 1544 471 negare
1566 417 1779 459 debemus.

163 499 350 543 Quatuor
395 495 604 535 elementa
649 494 843 534 mortalia
889 508 978 535 esse
1027 495 1385 536 demonstraturus
1426 500 1541 536 erat:
1588 499 1631 537 at
1670 510 1781 538 nunc

163 573 356 628 quintum
402 571 517 612 addit
559 570 731 611 aethera
773 575 815 611 et
854 585 997 612 rursus
1028 577 1182 613 terram
1213 587 1296 613 11011
1333 567 1517 625 „validas
1547 573 1641 614 aevi
1670 574 1782 615 vires

162 650 374 706 perferre”
408 648 604 690 ostendit.
657 649 701 690 Si
733 653 899 689 textum
930 649 1060 703 igitur
1090 651 1311 692 restituere
1342 651 1536 694 volumus
1557 652 1780 693 113306-

163 730 242 769 317
276 732 369 783 post
400 741 459 768 vs.
493 728 576 768 260
608 730 649 767 et
679 741 739 767 vs.
774 728 999 768 318—323
1032 732 1125 782 post
1157 729 1240 769 280
1272 729 1355 782 legi
1388 729 1554 769 debent.

218 805 382 846 Deinde
429 805 543 846 aliud
590 810 652 845 031
698 810 1020 858 argumentum:
1069 806 1328 861 expugnatio
1367 807 1479 847 enim
1511 807 1661 848 Troiae
1692 807 1780 848 bel-

157 884 329 939 lumque
375 883 625 924 Thebanum
669 883 959 938 antiquissima
1001 888 1097 924 sunt
1127 884 1236 924 facta
1267 898 1373 939 quae
1406 900 1429 925 a
1460 885 1595 940 poetis
1625 899 1780 926 memo-

155 967 329 1002 rantur:
377 973 476 1014 ergo
522 965 632 1000 terra
677 967 819 1000 nostra
859 973 1006 1000 1000113
1052 964 1115 1001 031
1159 960 1281 1002 facta.
1343 961 1464 1008 Quod
1497 962 1530 1002 si
1561 962 1779 1003 contendis

155 1043 280 1080 antea
322 1039 462 1079 omnia
508 1038 654 1079 eadem
685 1038 813 1079 fuisse
845 1038 918 1079 sed
948 1039 1046 1093 igne
1078 1039 1146 1079 vel
1178 1054 1285 1095 aqua
1316 1039 1509 1080 interisse
1541 1040 1778 1096 quondam,

156 1121 299 1158 tamen
329 1120 505 1172 apparet
540 1116 745 1168 „exitium
777 1130 942 1172 quoque
975 1122 1182 1158 terrarum
1214 1118 1402 1173 caelique
1432 1117 1646 1171 futurum,
1682 1132 1781 1159 nam

157 1209 251 1236 cum
297 1208 363 1235 res
410 1195 540 1236 tantis
585 1194 744 1235 morbis
790 1195 1001 1250 tantisque
1048 1195 1215 1250 periclis
1260 1200 1594 1251 teinptai‘entur,
1641 1196 1700 1237 ibi
1745 1196 1781 1237 si

158 1273 316 1314 tristior
347 1273 607 1314 incubuisset
629 1287 778 1326 causa,
811 1272 959 1314 darent
979 1273 1063 1314 late
1087 1273 1250 1314 eladem
1271 1287 1528 1329 magnasque
1549 1274 1718 1315 ruinas'’
1742 1275 1779 1328 ¹).

154 1351 285 1393 Stoici
332 1355 476 1392 autem
522 1354 749 1406 putarunt:
797 1352 894 1404 μετὰ
941 1353 1017 1401 τὴν
1059 1353 1289 1407 ἐκπύρωσιν
1328 1353 1457 1394 πάλιν
1488 1353 1622 1394 πάντα
1652 1352 1778 1395 ταύτὰ

154 1432 196 1472 ἐν
227 1434 284 1486 τῷ
315 1431 456 1485 κόσμῳ
489 1432 681 1485 ’γίνεσθαι
713 1430 796 1472 κατ’
829 1430 1028 1484 ἀριὲμὸν,
1061 1431 1117 1478 ὡς
1150 1434 1212 1473 καὶ
1244 1431 1318 1472 τὸν
1350 1429 1465 1478 ἰδίως
1495 1431 1619 1472 ποιὸν
1650 1430 1780 1473 πάλιν

153 1510 227 1550 τὸυ
274 1509 401 1549 αὐτὸν
448 1511 507 1564 τῷ
551 1509 741 1563 πρόσθεν
788 1509 891 1549 εἶναί
931 1527 970 1549 τε
1003 1511 1067 1550 καὶ
1098 1510 1289 1562 ’γίνεσθαι
1321 1510 1456 1563 ἐκείνῳ
1487 1511 1545 1563 τῷ
1576 1509 1716 1563 κόσμῳ
1735 1506 1779 1561 ²).

153 1584 251 1626 Non
282 1585 416 1625 solum
447 1584 545 1638 igne
576 1597 724 1625 verum
760 1583 888 1624 etiam
920 1599 1028 1640 aqua
1057 1583 1137 1625 hae
1167 1584 1423 1625 mutationes
1453 1584 1572 1625 fiunt.
1620 1584 1781 1626 Seneca

154 1667 238 1704 nat.
260 1677 328 1718 qu.
346 1662 427 1703 HI.
451 1664 518 1703 27.
562 1662 682 1703 Haec
714 1667 986 1716 argumenta,
1010 1677 1186 1718 quorum
1211 1663 1393 1703 alterum
1418 1675 1440 1703 e
1462 1668 1612 1703 natura
1632 1662 1778 1704 mundi

155 1746 219 1782 031
265 1745 501 1796 sumptum,
547 1741 726 1781 alterum
758 1754 857 1781 vero
890 1754 944 1781 ex
975 1740 1177 1793 historia,
1221 1740 1411 1795 sequitur
1442 1740 1614 1780 tertium
1644 1740 1779 1795 magis

155 1819 393 1860 absolutum
447 1822 488 1859 et
539 1818 853 1859 dialecticorum
898 1831 1013 1858 more
1064 1817 1336 1858 elaboratum.
1411 1817 1608 1871 Singulos
1659 1831 1778 1859 casus

155 1897 517 1953 praetermittens,
547 1895 712 1951 quaerit
738 1894 838 1951 quid
859 1896 1028 1936 0111111110
1050 1895 1179 1950 possit
1198 1895 1399 1949 interire,
1437 1895 1536 1950 quid
1557 1899 1776 1937 aeternum

158 1975 223 2016 sit.
271 1975 526 2027 „Praeterea
556 1988 662 2030 quae
695 1987 874 2029 cumque
905 1977 1077 2014 manent
1108 1977 1280 2013 aeterna
1310 1978 1526 2014 necessust
1547 1977 1648 2026 aut,
1681 1973 1779 2029 quia

157 2058 254 2095 311111
299 2053 430 2094 3011ᾶο
472 2067 566 2094 011111
599 2066 800 2108 corpore,
848 2065 1047 2106 respuere
1079 2051 1187 2091 ictus
1218 2064 1295 2091 1100
1326 2055 1548 2106 penetrare
1579 2050 1667 2106 pati
1697 2050 1776 2091 sibi

156 2132 404 2188 quiequam,
453 2131 565 2186 quod
607 2135 734 2186 queat
765 2134 877 2171 artas
909 2129 1133 2170 dissociare
1164 2129 1277 2169 intus
1308 2129 1463 2184 partis,
1506 2133 1554 2169 ut
1586 2128 1777 2170 materiai

155 2224 330 2266 corpora
361 2214 484 2263 sunt,
517 2224 694 2265 quorum
725 2214 918 2251 naturam
950 2208 1207 2250 ostendimus
1238 2211 1364 2261 ante,
1397 2211 1470 2248 aut
1500 2207 1594 2248 ideo
1627 2207 1777 2249 durare

154 2387 316 2425 coguntur
351 2383 453 2415 alium
483 2383 592 2415 locum
614 2383 655 2415 iis
677 2382 820 2414 tribuere
834 2407 842 2421 ‚
878 2386 916 2414 ut
946 2382 1132 2414 Gassendus
1146 2406 1153 2419 ,
1188 2381 1286 2412 nimis
1309 2382 1463 2413 audacem
1487 2381 1643 2413 adhibens
1666 2391 1775 2413 emen·-

155 2446 328 2478 dationem.
377 2445 440 2477 Sed
473 2456 531 2477 cur
563 2456 628 2477 non
662 2446 768 2485 potuit
803 2445 871 2476 sive
904 2444 938 2476 in
971 2445 1064 2476 libris
1087 2447 1160 2486 περὶ
1186 2445 1312 2485 φύσεως
1335 2444 1462 2476 sivein
1488 2455 1605 2486 magna
1637 2444 1776 2486 epitome

154 2508 253 2540 etiam
287 2509 326 2540 de
349 2507 478 2540 aethere
500 2518 604 2539 sermo
627 2518 716 2546 csse,
742 2507 799 2549 qui
821 2512 923 2539 totam
945 2511 1063 2539 terram
1086 2507 1283 2544 circumdet,
1320 2507 1365 2538 ita
1388 2511 1425 2538 ut
1446 2507 1525 2538 haec
1549 2506 1579 2538 ei
1601 2505 1775 2547 supervehi

154 2574 187 2603 et
222 2571 314 2613 quasi
336 2571 483 2602 innatare
506 2570 569 2601 dici
592 2570 714 2611 possit,
746 2569 935 2611 praesertim
958 2581 1031 2601 cum
1055 2571 1166 2602 eodem
1189 2570 1283 2602 modo
1307 2569 1479 2601 Lueretius
1502 2570 1540 2600 de
1563 2579 1601 2601 eo
1622 2569 1776 2611 loquatur

154 2645 201 2666 vs.
228 2634 426 2675 318÷323?
470 2632 640 2665 Eiusmodi
662 2632 887 2664 annotationes
902 2657 909 2671 ,
943 2643 1032 2664 nexu
1054 2643 1183 2673 prorsus
1207 2632 1354 2671 sublato,
1386 2631 1514 2673 saepius
1535 2631 1675 2664 insertae
1697 2635 1775 2663 sunt

153 2707 173 2728 a
197 2696 352 2738 Diogene.

199 2759 222 2798 ¹)
270 2759 325 2790 Vs.
351 2760 529 2790 324-350.
566 2757 631 2789 Hie
649 2756 782 2789 statuit:
807 2757 926 2796 „habet
940 2757 1117 2789 novitatem
1136 2769 1262 2789 summa
1275 2783 1282 2791 .
1307 2768 1482 2800 recensque
1497 2760 1645 2789 naturast
1660 2755 1774 2789 mundi

153 2832 258 2863 neque
292 2816 417 2862 pridem
439 2821 571 2853 exordia
594 2820 701 2861 cepit'‘
731 2822 790 2860 (vs.
817 2823 877 2852 330
900 2845 906 2859 ‚
931 2823 1005 2860 31);
1031 2822 1087 2852 sed
1111 2821 1157 2853 ΙΙ.
1189 2823 1288 2852 1150:
1325 2821 1476 2862 „iamque
1499 2821 1577 2852 adeo
1599 2821 1703 2852 fracta
1725 2824 1774 2852 est

153 2888 242 2916 aetas
255 2908 262 2922 ,
287 2883 446 2925 effetaque
468 2883 585 2915 tellus''
611 2886 685 2915 cett.
714 2883 801 2924 Ergo
825 2883 1045 2915 animadverte
1068 2894 1165 2925 quam
1188 2883 1304 2915 debilis
1326 2888 1359 2915 et
1380 2885 1496 2915 misera
1513 2883 1554 2916 sit
1569 2883 1648 2916 haec
1664 2887 1771 2923 terra,

154 2956 237 2988 quae
259 2946 389 2978 iuvenis
411 2946 477 2977 iam
500 2945 639 2978 senescit
652 2969 660 2984 ,
686 2944 742 2977 vix
764 2948 842 2977 nata
863 2945 930 2977 iam
951 2950 1088 2978 mortem
1111 2946 1190 2978 obit.

196 3008 223 3051 2)
272 3008 365 3040 Alex.
391 3008 488 3040 Annl.
513 3019 560 3049 pr.
586 3010 636 3040 58.
