1894 3235
870 110 922 150 79

89 243 210 284 nobis
253 243 491 284 viventibus
532 243 776 297 contingant
816 244 964 297 malis,
1010 258 1223 300 nunquam
1254 246 1451 285 conatum
1482 257 1571 284 esse
1605 257 1702 285 ean-

92 320 186 361 dem
240 320 484 361 methodum
544 320 766 374 adhibere,
826 325 872 361 ut
936 321 1140 375 originem
1191 321 1398 376 opinionis
1449 321 1498 362 de
1550 321 1709 362 animo-

89 412 181 438 rum
211 397 524 438 immortalitate
554 397 757 439 indicaret
790 403 830 438 et
863 398 1123 453 explicaret,
1154 403 1202 439 ut
1233 399 1290 439 sic
1323 412 1415 439 eam
1447 397 1594 438 falsam
1619 412 1708 439 esse

91 475 404 516 demonstraret.
474 475 536 515 Eo
573 475 706 529 magis
738 474 815 515 hoc
847 476 1069 529 miramur,
1102 476 1298 531 quoniam
1329 476 1363 516 Ι.
1400 476 1509 528 132,
1541 475 1618 515 IV.
1654 477 1707 516 33

90 557 132 594 et
168 553 295 606 alibi,
338 552 542 608 imprimis
573 558 715 593 autem
746 552 799 593 V.
835 554 886 593 62
923 553 1020 605 „sed
1052 554 1273 594 simulacra
1305 553 1438 594 solere
1470 553 1514 593 in
1555 553 1709 594 somnis

88 629 231 670 fallere
253 634 459 683 mentem,
492 642 662 670 cernere
709 643 803 669 cum
835 629 1053 670 videamur
1084 643 1202 683 eum,
1234 644 1358 685 quem
1388 630 1478 670 vita
1508 629 1707 685 reliquit''

89 711 131 747 et
147 706 224 748 IV.
245 708 324 747 732
361 740 378 758 „
397 739 405 746 .
432 739 440 746 .
466 739 474 746 .
506 706 699 747 videmus
722 739 730 747 .
755 738 762 746 .
789 739 797 747 .
830 707 1131 763 simulacraque
1164 721 1334 760 eorum,
1367 721 1543 763 quorum
1574 712 1708 748 morte

89 785 204 826 obita
233 785 357 825 tellus
388 785 656 840 amplectitur
687 784 833 838 ossa⁷’,
866 785 1074 826 elementa
1106 785 1308 825 eiusmodi
1329 785 1703 840 argumentationis

86 862 334 903 invenimus.
396 863 591 903 Fortasse
624 863 656 903 si
687 863 825 903 minus
857 869 1048 903 accurate
1081 872 1123 903 et
1154 863 1271 918 quasi
1302 863 1518 903 humiliter
1548 863 1703 918 Epicu-

86 954 179 980 rum
226 944 393 980 secutus
440 945 576 993 esset,
624 954 704 995 quo
746 940 872 981 etiam
902 940 1058 980 factum
1091 946 1153 981 est
1183 949 1230 981 ut
1261 940 1459 996 physicae
1492 940 1704 981 doctrinae

87 1017 197 1058 viam
230 1018 303 1058 vix
333 1023 405 1058 aut
437 1032 649 1073 nunquam
680 1018 923 1073 reliquerit,
954 1018 1044 1072 ipse
1075 1023 1224 1073 poeta,
1257 1018 1326 1073 qui
1358 1018 1487 1059 animi
1517 1018 1699 1059 motibus

88 1098 130 1134 et
160 1094 411 1149 impulsibus
442 1100 605 1135 tantum
626 1095 752 1135 studii
776 1094 1030 1150 impenderit
1056 1094 1106 1148 ¹),
1138 1095 1300 1137 facilius
1321 1096 1365 1136 in
1382 1095 1460 1137 hoc
1483 1109 1704 1150 argumen-

85 1175 176 1212 tum
205 1171 431 1213 incidisset.

127 1415 151 1456 ¹)
198 1415 248 1447 Cf.
272 1415 412 1456 exempli
434 1416 539 1457 gratia
559 1416 691 1448 initium
713 1416 789 1448 libri
812 1417 849 1449 II
874 1423 905 1449 et
928 1418 987 1450 VI.
1002 1443 1009 1457 ‚
1035 1421 1108 1452 593.
