1894 3235
933 132 986 172 84

149 268 361 321 mulacra,
408 267 535 309 etiam
581 265 683 308 alias
729 278 819 306 esse
865 265 1097 320 imagineS,
1144 280 1251 322 quac
1299 269 1446 321 sponte
1492 281 1567 308 sua
1596 268 1639 308 in
1670 281 1767 310 aere

149 347 263 388 fiant.
323 345 451 387 Hunc
492 343 702 396 ordinem,
749 357 873 399 quem
914 344 1021 384 ratio
1051 344 1185 399 poscit
1217 348 1257 385 et
1289 344 1461 399 Epicuri
1492 344 1546 386 ad
1576 345 1767 387 Herodo-

150 428 241 466 tum
293 423 470 480 epistola
517 421 698 463 ostendit
722 419 772 474 ¹),
820 435 914 461 cum
965 421 1054 462 sine
1085 421 1171 462 ulla
1223 422 1482 464 dubitatione
1532 423 1627 464 libri
1677 428 1769 479 περὶ

151 503 316 558 φύσεως
367 499 546 541 eundem
592 497 892 553 praebuerint,
937 497 1178 539 Lucretiani
1225 498 1388 539 codices
1428 503 1636 541 mutatum
1675 515 1770 556 pro-

151 579 266 620 dunt.
327 578 429 619 Post
474 577 589 617 illam
635 576 828 616 lacunam
875 575 987 615 enim
1016 575 1059 616 in
1093 590 1174 631 qua
1206 576 1256 617 dc
1288 566 1493 618 tenuitate
1525 581 1566 618 et
1597 578 1770 620 levitate

150 657 467 699 simulacrorum
513 667 750 695 sermonem
781 653 908 694 fuisse
940 653 1148 706 vidimus,
1194 654 1375 709 primum
1406 655 1586 710 legimus
1617 660 1658 697 et
1689 657 1771 698 alia

152 748 242 776 esse
275 733 520 786 simulacra,
554 745 662 787 quae
695 735 841 787 sponte
873 745 948 772 sua
978 731 1203 785 gignantur
1220 735 1276 786 2),
1323 732 1472 774 deinde
1504 748 1629 789 quam
1659 733 1771 775 facili

151 816 193 854 et
225 811 350 853 celeri
382 810 543 852 ratione
575 810 804 864 gignantur
820 810 862 862 ³³).
924 808 1243 861 Lachmannus,
1291 810 1361 865 qui
1392 810 1551 865 primus
1583 811 1771 853 ordinem

150 893 360 931 mutatum
406 901 496 930 esse
543 887 765 941 cognovit,
812 890 933 942 putat
974 891 1163 941 poetam,
1212 901 1306 927 cum
1348 902 1372 928 a
1403 902 1445 929 se
1476 889 1772 944 praetermissa

153 981 244 1009 esse
287 981 393 1023 quae
439 981 498 1007 vs.
546 967 769 1007 129-*142
816 965 1033 1006 continent
1078 965 1386 1018 intellexisset,
1429 965 1533 1007 hacc
1577 967 1621 1007 in
1653 967 1770 1008 char—

151 1049 216 1087 tas
261 1045 322 1086 ita
367 1044 620 1097 coniecisse,
667 1047 713 1084 ut
760 1057 809 1084 ea
854 1043 969 1084 nullo
1008 1046 1120 1083 certo
1164 1043 1254 1083 loco
1297 1044 1543 1098 reposuerit.
1606 1044 1770 1086 Deinde

150 1137 245 1164 cum
275 1122 390 1163 hisce
421 1122 613 1163 versibus
648 1121 884 1176 iungendos
915 1134 1004 1162 csse
1037 1124 1179 1162 censet
1210 1135 1270 1161 vs,
1306 1122 1541 1163 168—175.

208 1201 334 1242 Salva
379 1201 469 1241 viro
517 1200 755 1241 doctissimo
804 1199 945 1240 debita
984 1199 1220 1240 reverentia
1265 1213 1339 1239 nos
1384 1203 1524 1240 tamen
1564 1200 1772 1242 malumus

150 1283 292 1334 partes
339 1278 534 1320 carminis
579 1278 636 1319 sic
683 1292 813 1319 nexas
858 1277 969 1318 inter
1013 1291 1056 1318 se
1101 1277 1254 1318 fuisse:
1304 1279 1471 1328 —12S‚
1522 1279 1770 1333 176—229,

157 1357 404 1409 143-167,
456 1357 760 1409 168—1754),
812 1357 1047 1396 129-142.
1110 1355 1170 1395 Ut
1215 1354 1321 1396 hanc
1364 1355 1602 1410 opinionem
1633 1356 1772 1398 defen-

156 1434 302 1475 damus
348 1434 473 1475 liceat
504 1448 663 1475 nexum
694 1448 754 1474 vs.
791 1435 1012 1474 177—229
1045 1447 1138 1474 cum
1172 1435 1310 1473 —128
1342 1433 1538 1474 indicare.
1599 1434 1774 1476 Praeter

155 1516 474 1567 argumentum,
508 1512 617 1567 quod
650 1527 704 1552 ex
736 1511 908 1567 Epicuri
931 1511 1094 1566 scriptis
1117 1511 1367 1566 sumpsimus
1388 1510 1491 1552 hacc
1514 1512 1772 1553 animadver-

154 1594 229 1631 tas.
292 1590 483 1631 Primum
534 1590 785 1631 tenuitatem
837 1593 878 1630 et
927 1589 1143 1630 levitatem
1195 1588 1510 1630 simulacrorum
1559 1594 1772 1646 tamquam

156 1681 300 1708 eorum
349 1667 575 1709 celeritatis
618 1682 762 1708 causas
808 1668 929 1709 affert
978 1668 1080 1719 183,
1132 1668 1238 1719 196,
1289 1669 1366 1707 195
1399 1667 1524 1722 (apud
1555 1667 1772 1723 Lachni.);

154 1746 304 1787 deinde
351 1746 403 1787 ad
444 1747 563 1787 nulla.
605 1747 672 1799 vi,
720 1760 917 1800 cassaque
947 1759 1069 1785 sensu
1100 1746 1215 1798 (1:28)
1248 1746 1459 1800 pertinere
1491 1746 1658 1788 videtur
1692 1749 1771 1789 193

159 1829 201 1865 et
253 1826 331 1865 194
379 1824 515 1880 „quod
560 1825 733 1879 parvola
775 1838 899 1865 causa
945 1828 1007 1864 est
1052 1823 1196 1878 procul
1227 1838 1251 1864 a
1283 1827 1400 1878 tergo
1432 1838 1537 1880 quae
1569 1825 1773 1880 provehat

155 1905 281 1956 atque
329 1901 593 1956 propellat'';
640 1905 757 1954 tum,
806 1901 839 1940 si
881 1900 981 1956 quid
1027 1900 1245 1953 videmus,
1291 1902 1397 1954 197,
1435 1902 1512 1942 198
1549 1901 1694 1954 „facile
1726 1907 1772 1943 ut

156 1979 325 2036 quasvis
366 1984 588 2035 penetrare
620 1982 777 2035 queant
807 1993 873 2020 res
906 1983 946 2020 et
978 1979 1095 2035 quasi
1126 1993 1371 2034 permanare
1402 1994 1476 2035 per
1507 1981 1614 2022 aeris
1644 1981 1772 2022 inter-

198 2133 223 2174 1)
274 2133 315 2164 D.
341 2133 378 2164 L.
403 2132 446 2164 X.
472 2135 535 2171 46,
559 2133 622 2171 47,
647 2134 697 2163 48.

196 2196 223 2238 2)
268 2196 324 2228 Vs.
354 2198 529 2227 129—140.

197 2259 219 2297 ³)
265 2259 321 2290 Vs.
353 2260 528 2292 142—175.

195 2321 221 2360 4)
268 2321 370 2352 Hisce
395 2320 542 2353 versibus
567 2323 662 2361 poeta
686 2320 774 2351 aliud
792 2320 885 2352 affert
909 2324 1135 2362 argumentum
1150 2346 1157 2360 ‚
1183 2333 1246 2363 quo
1263 2321 1448 2360 videamus,
1473 2326 1595 2364 quanta
1610 2322 1774 2355 celeritate

153 2382 312 2424 imagines
325 2384 511 2424 gignantur.
538 2382 695 2414 Serenum
709 2383 833 2414 caelum
845 2393 999 2424 perquam
1011 2383 1120 2415 subito
1131 2383 1298 2415 turbidum
1315 2388 1347 2416 et
1359 2384 1531 2416 obscurum
1542 2385 1580 2416 fit
1591 2385 1752 2417 interdum
1765 2409 1774 2424 ,

153 2444 307 2486 quoniam
329 2444 418 2476 leves
441 2448 474 2476 et
496 2448 610 2476 tenues
632 2444 736 2476 nubes
759 2455 885 2476 summa
903 2445 1067 2477 celeritate
1082 2449 1212 2486 propter
1232 2445 1334 2486 ipsam
1351 2446 1517 2478 levitatem
1533 2451 1566 2478 et
1581 2446 1774 2479 tenuitatem

152 2507 286 2549 gignere
309 2511 341 2538 et
359 2507 519 2539 confluere
536 2511 681 2548 possunt.
707 2508 751 2539 At
763 2511 886 2549 quanta
897 2507 1061 2539 celeritate
1074 2512 1144 2540 tum
1157 2508 1314 2550 imagines
1327 2508 1419 2550 gigni
1431 2520 1524 2550 posse
1535 2510 1653 2542 debent
1667 2534 1675 2549 ‚
1699 2521 1775 2542 cum

151 2581 192 2602 ne
215 2570 322 2602 verbis
346 2570 475 2612 quidem
494 2570 632 2611 exprimi
648 2570 765 2611 possit,
784 2574 906 2612 quanto
922 2570 1064 2603 nubibus
1080 2571 1146 2604 sint
1160 2572 1333 2604 tenuiores.
1359 2573 1453 2604 Patet
1468 2583 1544 2614 ergo
1561 2576 1634 2614 post
1646 2584 1693 2605 vs.
1715 2574 1773 2607 175

152 2631 308 2664 excidisse
333 2643 434 2663 unum
456 2642 585 2664 versum
608 2631 861 2673 exprimentem,
886 2643 983 2674 quam
1005 2633 1095 2665 facili
1118 2638 1150 2665 et
1166 2634 1262 2666 celeri
1277 2634 1401 2666 ratione
1418 2634 1604 2676 gignantur.
1639 2634 1773 2666 Lachm.

152 2694 383 2726 animadvertit
406 2706 454 2727 vs.
484 2694 547 2728 174'
565 2695 604 2726 de
628 2697 764 2735 z'magsine
781 2695 835 2736 agi
852 2720 859 2734 ,
887 2696 1031 2729 176-78
1048 2696 1087 2728 de
1102 2697 1279 2727 simulacris
1292 2700 1357 2739 ’.et
1372 2708 1419 2729 vs.
1441 2698 1498 2731 179
1517 2699 1653 2737 (tendat,
1683 2697 1772 2730 codd.

153 2757 266 2798 tendit)
289 2758 330 2788 ad
352 2767 464 2789 vocem
487 2759 587 2797 immo
611 2768 658 2789 vs.
686 2758 745 2790 174
768 2758 971 2790 referendum
988 2769 1056 2790 esse
1073 2763 1105 2790 et
1118 2762 1190 2800 post
1202 2759 1297 2790 illum
1310 2770 1439 2792 versum
1452 2760 1685 2792 collocandum.
1712 2759 1775 2792 Sed

152 2819 324 2851 discrimen
348 2821 433 2862 quod
467 2820 600 2852 Lachm.
636 2820 728 2861 ponit
762 2820 847 2852 inter
881 2821 1039 2862 imagines
1062 2825 1093 2854 et
1117 2822 1290 2854 simulacra
1312 2827 1361 2854 est
1385 2822 1647 2855 commenticium
1671 2826 1704 2855 et
1725 2833 1772 2855 vs.

157 2883 215 2916 179
240 2893 277 2914 eo
298 2883 370 2915 loco
386 2907 394 2921 ‚
418 2883 476 2914 ubi
498 2883 533 2914 in
555 2884 646 2915 codd.
670 2883 795 2924 positus
820 2888 868 2916 est
881 2909 888 2922 ‚
913 2885 990 2916 ferri
1002 2889 1109 2926 potest
1122 2910 1129 2924 ‚
1154 2886 1248 2918 niodo
1266 2888 1393 2917 tendant
1409 2886 1545 2927 legatur.
1564 2904 1604 2908 —
1621 2885 1752 2917 Nexum
1765 2910 1773 2925 ‚

154 2956 249 2987 quem
266 2957 363 2986 supra
379 2946 522 2985 conieci,
547 2947 684 2978 defendo
707 2946 804 2978 etiam
827 2951 998 2989 postquam
1022 2948 1170 2990 Briegeri
1194 2948 1379 2990 opinionem
1401 2948 1467 2990 legi
1484 2948 1519 2980 in
1535 2948 1620 2980 Phil.
1638 2949 1772 2981 XXIX.

152 3018 183 3048 p.
203 3011 262 3039 423
276 3033 283 3047 ‚
308 3019 381 3040 cum
397 3009 539 3041 Christio
562 3009 723 3041 censentis
747 3020 793 3041 vs.
822 3012 987 3041 129-142
1010 3014 1084 3051 post
1109 3013 1167 3042 109
1190 3011 1392 3043 collocandos
1415 3022 1493 3043 esse.
