1894 3235
941 129 1019 170 132

159 265 347 318 tempore
377 261 421 302 id
450 261 524 316 fit,
556 262 747 304 mirabile
779 277 861 304 non
882 267 971 316 est,
994 263 1192 319 quoniam
1213 265 1346 306 multa
1371 264 1495 306 certis
1516 265 1777 320 temporibus

156 339 247 381 fieri
291 339 496 381 videmus.
557 339 677 381 Idem
722 339 932 395 Epicurus
975 340 1103 394 dicit,
1151 342 1290 382 minus
1320 342 1477 397 pulcris
1509 346 1650 384 tamen
1681 356 1776 384 ver-

156 415 295 466 bis¹):
347 417 547 459 ἀνατολαὶ
600 420 662 458 καὶ
714 415 851 466 δύσεις
897 418 1019 467 ἡλίου
1067 403 1128 460 καὶ
1178 419 1358 471 σελήνης
1404 423 1582 462 καὶτῶν
1613 419 1776 462 λοιπῶν

157 495 322 551 ἄστρων
353 498 416 537 καὶ
448 494 532 537 κατ’
565 495 718 549 ἄναψιν
748 497 940 550 ’γίνεσθαι
973 494 1167 539 δύνανται
1199 501 1260 539 καὶ
1295 499 1393 540 κατὰ
1428 497 1603 552 σβέσιν,
1641 500 1779 540 τοιαύ-

155 591 229 621 της
276 571 406 621 οὔσης
445 573 725 626 περιστάσεως
758 574 855 628 (qua
886 573 1078 627 extingui
1112 578 1154 614 et
1185 574 1355 615 accendi
1388 567 1544 630 possit:
1577 589 1638 616 VS.
1672 576 1776 629 660,

157 650 226 699 61)
272 681 453 690 .....
501 649 584 691 κατ’
622 650 844 705 ἐμφάνειαν
891 651 930 692 θ’
956 652 1054 706 ὑπὲρ
1103 659 1180 706 γῆς
1214 657 1275 694 καὶ
1310 653 1440 695 πόλιν
1473 655 1777 709 ἐπιπρόσθησιν

155 728 203 769 τὸ
235 729 532 782 προειρημένον
564 725 717 770 δύναιτ’
741 728 791 770 ἰὶν
824 728 1123 771 συντελεῖσθαι.

214 803 376 845 Eadem
424 803 528 845 haec
569 809 781 859 postrema
825 804 1073 861 hypothesis
1116 807 1330 861 explicare
1375 812 1538 863 potest,
1585 823 1659 849 cur
1689 808 1778 850 dies

155 886 343 923 crescant
375 885 417 923 et
447 882 719 936 minuantur,
753 897 847 924 cum
879 883 1060 938 impares
1092 883 1174 924 sint
1206 884 1350 925 circuli
1381 891 1550 940 partes,
1583 900 1685 942 quas
1717 886 1777 927 sol

153 973 280 1015 supra
323 964 479 1001 terram
521 959 729 1001 describat
775 965 816 1001 et
856 961 1037 1016 impares
1079 975 1244 1017 quoque
1293 976 1399 1018 quae
1450 963 1526 1004 sub
1558 968 1670 1005 terra
1700 964 1777 1005 cir-

153 1037 235 1078 culi
280 1037 444 1078 iaceant
489 1041 658 1093 partes,
706 1051 756 1078 ea
799 1038 983 1092 ratione,
1030 1042 1077 1079 ut
1119 1043 1259 1094 partes
1303 1040 1379 1080 sub
1411 1044 1523 1081 terra
1565 1047 1606 1081 et
1636 1044 1777 1096 partes

152 1115 388 1170 superiores
435 1114 633 1171 deinceps
680 1116 857 1156 circulos
902 1121 1011 1157 totos
1057 1117 1327 1158 constituant.
1397 1117 1503 1160 Cum
1542 1123 1684 1160 autem
1716 1119 1777 1161 sol

152 1206 201 1234 eo
246 1193 390 1246 venit,
437 1193 510 1234 ubi
554 1194 727 1248 signifer
773 1194 884 1235 orbis
921 1195 989 1235 vol
1022 1195 1226 1236 Zodiacus
1258 1204 1371 1236 sccat
1402 1196 1605 1237 circulum
1636 1197 1776 1253 aequi-

149 1271 404 1325 noctialem,
437 1271 549 1327 quod
579 1276 785 1327 punctum
823 1273 946 1325 „anni
977 1273 1161 1314 nodum''
1194 1274 1379 1329 appellat
1401 1274 1646 1328 Lucretius,
1679 1276 1776 1328 (non

149 1353 354 1390 memorat
400 1353 545 1391 tamen
596 1349 699 1391 duos
747 1364 838 1391 esse
877 1350 1082 1391 eiusmodi
1113 1351 1266 1405 nodos;
1316 1351 1358 1391 ιἰἷ
1389 1353 1554 1407 siquam
1585 1352 1686 1394 dicit
1715 1367 1775 1394 vs.

152 1427 232 1467 687
264 1440 366 1482 pro:
414 1427 467 1468 iis
500 1428 673 1482 siquis),
718 1432 809 1468 tum
843 1433 1041 1483 „propter
1073 1428 1261 1482 signiferi
1292 1429 1524 1483 posituram
1554 1429 1682 1470 totius
1713 1443 1776 1470 or-

148 1503 254 1557 bis'’,
288 1504 358 1560 qui
390 1504 450 1546 ita
482 1509 545 1546 est
576 1506 765 1561 positus,
812 1511 859 1547 ut
890 1506 981 1561 pari
1014 1507 1235 1548 intervallo
1269 1508 1598 1562 septentrionem
1630 1521 1775 1549 versus

150 1579 201 1621 de
247 1581 403 1622 circulo
451 1582 750 1637 aequinoctiali
797 1582 979 1624 declinet
1011 1587 1136 1639 atque
1168 1584 1387 1624 meridiem
1418 1598 1587 1638 versus,
1630 1584 1774 1626 circuli

148 1662 290 1714 partes
322 1673 449 1715 supra
480 1664 635 1701 terram
667 1665 709 1701 et
739 1660 846 1701 infra
878 1661 982 1702 sitae
1015 1667 1111 1702 sunt
1142 1675 1290 1716 pares⁷
1329 1675 1450 1717 pares
1481 1675 1647 1718 quoque
1678 1676 1774 1704 noc-

147 1740 212 1778 tes
256 1737 426 1793 diesque
449 1739 494 1788 2).
541 1763 592 1767 -—-
638 1738 740 1780 Dies
787 1753 975 1780 crescere
1019 1747 1060 1780 et
1107 1740 1239 1780 minui
1283 1740 1410 1780 etiam
1441 1740 1538 1781 inde
1571 1740 1774 1796 explicari

147 1819 309 1870 potest,
342 1815 455 1871 quod
485 1815 664 1857 hiberno
711 1821 901 1872 tempore
949 1818 1125 1858 crassior
1157 1822 1221 1858 est
1253 1818 1377 1858 certis
1407 1818 1451 1859 in
1482 1818 1672 1873 partibus
1703 1832 1774 1860 aer

147 1892 289 1949 itaque
337 1894 467 1935 solem
514 1894 719 1950 impedit,
767 1896 990 1951 quominus
1038 1900 1227 1950 emergat
1273 1895 1326 1936 ad
1357 1900 1494 1949 ortus,
1541 1900 1614 1937 aut
1645 1896 1770 1937 etiam

148 1971 246 2027 quia
277 1971 449 2013 alternis
480 1973 671 2028 partibus
703 1974 801 2014 anni
832 1974 943 2028 ignis
981 1974 1171 2027 semina,
1215 1973 1266 2014 de
1298 1974 1450 2029 quibus
1481 1988 1607 2029 supra
1637 1987 1773 2016 sermo

148 2053 268 2103 erat,
315 2050 476 2091 tardius
517 2051 586 2092 vel
631 2051 756 2092 citius
793 2053 1004 2093 confluere
1037 2056 1289 2093 consuerunt
1311 2053 1357 2105 3).
1418 2052 1541 2092 Prius
1571 2052 1773 2107 placitum

147 2127 429 2170 Anaximenis
476 2143 566 2170 esse
612 2130 806 2184 videtur,
854 2130 964 2186 quod
996 2144 1018 2171 e
1050 2131 1140 2172 loco
1173 2144 1298 2185 supra
1335 2131 1443 2185 (pag.
1481 2132 1573 2184 130)
1604 2130 1772 2172 laudato

147 2210 278 2262 patet,
311 2221 406 2248 cum
429 2221 509 2263 quo
534 2207 785 2249 conferenda
806 2208 935 2249 verba
956 2207 1174 2250 Plutarchi
1196 2210 1224 2261 4)
1245 2222 1253 2248 :
1288 2209 1470 2263 καθάπερ
1502 2206 1771 2261 Ἀναξιμένης

149 2287 172 2326 ὁ
218 2285 399 2334 παλαιὸς
441 2285 568 2342 ᾤετο,
615 2288 715 2339 μήτε
757 2288 803 2328 τὸ
846 2287 1018 2342 ψυχρὸν
1050 2289 1091 2328 ἐν
1125 2287 1246 2340 οὐσίᾳ
1276 2288 1373 2338 μήτε
1403 2286 1450 2327 τὸ
1482 2286 1637 2340 θερμὸν
1668 2286 1772 2328 ἀπο-

148 2361 379 2417 λείπωμεν,
413 2363 525 2405 ἀλλὰ
558 2364 674 2413 πάθη
707 2366 822 2406 κοινὰ
854 2371 927 2412 τῆς
960 2364 1066 2414 ὕλης
1097 2364 1358 2419 ἐπιγινόμενα
1380 2369 1469 2414 ταῖς
1489 2361 1770 2418 μεταβολαῖς·

148 2443 195 2483 τὸ
242 2443 324 2497 γὰρ
369 2442 708 2497 συστελλόμενον
741 2443 868 2491 αὐτῆς
902 2445 964 2484 καὶ
996 2444 1282 2495 πυκνούμενον
1313 2442 1482 2496 ψυχρὸν
1514 2441 1616 2483 εἶναί
1647 2449 1770 2496 φησι,

191 2655 218 2696 ¹)
266 2654 308 2686 D.
334 2654 371 2686 L.
397 2654 441 2685 X.
466 2656 516 2685 92.

187 2717 215 2759 ²)
262 2717 358 2749 Lucr.
383 2717 412 2749 V
425 2742 432 2756 ,
458 2719 615 2748 680-95.
634 2717 717 2749 Cum
734 2717 846 2748 Munr.
865 2716 1013 2749 codicum
1028 2717 1183 2749 lectiones
1200 2721 1311 2750 contra
1328 2717 1462 2750 Lachm.
1479 2717 1626 2749 defendo.
1651 2716 1769 2748 Fateor

146 2790 196 2811 me
219 2790 284 2812 non
301 2780 487 2821 intellegere
503 2805 510 2819 ,
535 2780 593 2822 qui
620 2784 751 2821 propter
768 2780 915 2821 signiferi
931 2780 1016 2812 orbis
1033 2780 1198 2822 obliquam
1213 2780 1392 2821 posituram
1406 2804 1414 2819 ,
1443 2779 1465 2813 i.
1490 2790 1516 2810 e.
1541 2782 1671 2820 propter
1686 2778 1767 2811 obli-

144 2841 302 2883 quitatem
336 2842 480 2881 zodiaci,
516 2842 564 2875 sol
599 2842 696 2874 flatus
724 2842 886 2884 aquilonis
917 2846 950 2874 et
972 2843 1074 2874 austri
1098 2842 1252 2875 distinere
1274 2842 1376 2883 possit
1398 2841 1504 2874 medio
1528 2851 1646 2880 cursa,
1681 2841 1768 2882 quod

145 2903 280 2936 Lachm.
305 2905 389 2937 vult.

189 2967 215 3007 ³)
266 2966 318 2999 Vs.
343 2968 523 3001 696—704.

187 3029 214 3071 ⁴¹)
262 3030 313 3062 Pr.
337 3030 411 3072 frig.
437 3033 453 3064 7
469 3055 477 3069 ‚
502 3033 529 3062 3.
554 3041 627 3072 pag.
656 3033 727 3064 947.
