1894 3235
939 121 992 160 28

152 254 295 292 autem
345 250 552 306 Epicurus
598 252 763 307 scripsit
787 250 842 306 ¹),
889 253 1033 308 procul
1082 253 1207 295 dubio
1255 268 1354 309 ergo
1401 255 1512 296 inter
1543 269 1613 296 eos
1644 256 1771 298 etiam

153 333 297 369 contra
343 329 632 382 Heraclitum,
702 344 826 385 quem
878 331 1137 372 turbatorem
1189 333 1399 385 (κυκητὴν)
1451 347 1620 374 vocasse
1675 333 1773 375 dici-

153 411 222 446 tur
243 406 288 460 2).
339 407 459 454 Quod
491 413 633 448 autom
664 407 707 447 in
739 408 901 448 Stoicos
933 408 1206 450 vehementer
1238 410 1428 451 invectus
1460 416 1521 451 est
1545 425 1771 466 eorumque

154 483 486 538 philosophiam,
507 484 820 539 opportunitate
843 484 962 538 data,
982 486 1197 540 redarguit
1214 492 1255 527 et
1273 501 1327 527 ex
1346 493 1617 544 utrorumque
1638 489 1774 537 inimi-

157 561 266 602 citiis
298 562 487 616 sequitur
519 566 560 602 et
589 576 715 616 supra
736 562 817 602 iam
841 562 1170 604 demonstratum
1194 569 1254 605 est
1274 579 1349 605 nec
1373 574 1454 606 non
1477 565 1626 607 deinde
1649 581 1775 622 appa-

153 639 274 680 rebit.
338 640 440 687 Quis
464 640 604 693 igitur,
639 639 886 694 praesertim
909 654 1003 681 cum
1025 641 1106 682 iarn
1129 647 1319 695 constet,
1354 644 1599 684 Lucretium
1623 645 1773 692 omnia,

154 730 260 772 quae
292 707 403 757 hunc
436 717 573 757 locum
605 717 885 772 praecedunt,
919 731 973 758 ex
1007 718 1189 773 Epicuro
1221 721 1474 775 sumpsisse,
1508 721 1616 776 quod
1649 722 1775 763 etiam

155 794 205 835 de
237 795 311 847 iis,
343 795 413 850 qui
435 794 510 835 hos
543 795 842 850 insequuntur,
875 795 1064 836 versibus
1094 797 1364 851 ostendetur,
1397 798 1588 839 dubitare
1610 803 1775 854 potest,

155 870 258 912 haec
307 871 446 911 omnia
492 877 716 926 reputanS,
764 872 863 927 quin
910 876 1035 927 poeta
1081 872 1123 912 in
1170 872 1247 915 hac
1290 888 1454 930 quoquc
1487 875 1624 930 operis
1657 880 1776 931 parte

155 948 386 1004 Epicurum
434 954 597 991 tantum
646 950 947 1005 interpretatus
980 951 1066 991 sit?
1129 951 1250 999 Quod
1282 953 1315 992 si
1347 953 1439 1007 quis
1472 966 1493 993 e
1525 967 1584 993 vs.
1621 955 1701 994 639
1736 957 1777 994 et

155 1029 236 1069 643
269 1028 432 1069 efficere
463 1029 594 1069 vellet
625 1029 898 1082 Lucretium,
947 1044 1041 1070 cum
1074 1029 1281 1071 Heracliti
1313 1030 1560 1072 elocutionis
1591 1032 1777 1087 proprie—

154 1110 262 1147 tates
293 1111 618 1160 commemoret,
660 1108 751 1162 ipsa
781 1107 1020 1162 philosophi
1052 1121 1179 1163 opera
1211 1108 1390 1163 legisse,
1424 1109 1506 1149 iam
1539 1110 1637 1150 satis
1669 1110 1776 1163 erit,

155 1185 188 1225 si
236 1186 551 1238 monuerimus,
603 1186 822 1227 obscuram
870 1186 1058 1240 linguam
1105 1186 1315 1228 Heracliti
1363 1191 1550 1242 tempore
1590 1188 1776 1229 Lucretii

155 1263 238 1304 iam
300 1262 371 1303 diu
429 1264 472 1304 in
530 1263 799 1318 proverbium
856 1263 1007 1304 abiisse
1038 1262 1089 1317 ²³),
1146 1277 1240 1304 cum
1290 1264 1379 1319 ipse
1426 1264 1659 1319 Epicurus,
1706 1265 1777 1321 qui

154 1341 296 1395 magni
352 1341 453 1382 fecit
507 1341 733 1383 dilucidam
783 1341 1014 1382 orationem
1031 1340 1088 1394 4),
1142 1355 1225 1382 non
1272 1341 1460 1383 omiserit
1506 1342 1583 1384 hoc
1625 1343 1776 1384 vitium

154 1419 455 1475 perstringere.
508 1419 702 1475 Denique
735 1419 887 1472 omnia,
920 1433 1026 1474 quae
1058 1418 1215 1474 profert
1246 1433 1304 1459 vs.
1340 1420 1578 1472 665—689,
1610 1434 1777 1475 prorsus

155 1497 381 1538 concinunt
430 1512 525 1538 cum
567 1497 738 1552 Epicuri
781 1497 918 1537 verbis
940 1495 996 1550 ·'):
1045 1500 1107 1538 καὶ
1139 1499 1220 1549 μὴν
1253 1500 1316 1538 καὶ
1348 1496 1423 1546 τᾶς
1454 1496 1637 1550 ἀτόμους
1669 1516 1778 1550 νομι-

154 1577 274 1617 στέον
322 1573 522 1628 μηδεμίαν
554 1576 753 1624 ποιότητα
783 1579 867 1616 τῶν
901 1576 1160 1629 φαινομένων
1190 1577 1499 1630 προσφέρεσθαι
1530 1575 1644 1624 πλὴν
1676 1578 1778 1632 σχή-

152 1672 282 1705 ματος
332 1657 392 1695 καὶ
436 1652 602 1708 βάρους
641 1656 702 1695 καὶ
735 1655 935 1707 μεγέθους
971 1656 1033 1694 καὶ
1068 1654 1145 1694 ὅσα
1178 1651 1221 1700 ἐξ
1252 1651 1438 1708 ἀνάγκης
1471 1655 1649 1709 σχήματι
1682 1673 1777 1706 συμ-

154 1738 233 1786 φυῆ
265 1733 347 1773 ἐστι
370 1745 379 1753 ·
412 1733 587 1780 ποιότης
618 1729 699 1785 γάρ
731 1734 843 1772 πᾶσα
875 1729 1159 1785 μεταβάλλει,
1201 1732 1240 1773 αἱ
1274 1728 1307 1773 δ’
1331 1730 1473 1782 ἄτομοι
1506 1729 1627 1772 οὐδὲν
1658 1750 1776 1784 μετα-

151 1805 423 1862 βάλλουσιν,
476 1805 687 1862 ἐπειδήπερ
739 1805 798 1849 δεῖ
846 1825 883 1848 τι
934 1808 1150 1859 ὑπομένειν
1199 1807 1242 1848 ἐν
1291 1812 1382 1855 ταῖς
1434 1804 1646 1849 διαλύσεσι
1691 1811 1775 1850 τῶν

154 1888 412 1940 συγκρίσεων
445 1886 613 1940 στερεὸν
645 1888 707 1926 καὶ
742 1883 991 1933 ἀδιάλυτον,
1025 1884 1048 1925 ὃ
1081 1885 1154 1935 τὰς
1185 1883 1431 1939 μεταβολὰς
1462 1884 1536 1926 οὐκ
1569 1887 1624 1933 εἷς
1646 1886 1692 1926 τὸ
1719 1887 1774 1939 μὴ

153 1963 203 2006 ὂν
249 1966 459 2013 ποιήσεται
506 1961 593 2005 οὐδ’
639 1965 680 2005 ἐκ
725 1967 798 2005 τόυ
845 1964 899 2014 μὴ
948 1964 1100 2015 ὄντος,
1145 1961 1257 2004 ἀλλὰ
1306 1961 1404 2004 κατ-ἀ
1435 1965 1668 2015 μεταθέσεις
1699 1967 1774 2017 μὲν

152 2040 360 2091 πολλῶν,
402 2044 527 2082 τινῶν
559 2039 598 2083 δὲ
633 2043 695 2082 καὶ
728 2038 971 2096 προσόδους
1004 2042 1065 2080 καῖ
1100 2037 1300 2094 ἀφόδους.
1333 2039 1433 2081 ὅθεν
1466 2039 1694 2095 ἀναγκαῖον
1725 2039 1774 2083 τοὶ

152 2119 205 2167 μὴ
241 2121 526 2171 μετατιθέμενα
573 2119 765 2173 ἄφθαρτα
813 2119 912 2160 εἶναι
955 2121 1016 2159 καὶ
1050 2119 1125 2166 τὴν
1156 2121 1229 2158 τοῦ
1261 2115 1613 2172 μεταβάλλοντος
1646 2119 1772 2173 φύσιν

153 2197 228 2238 οὐκ
259 2196 453 2253 ἕχοντα.”
516 2197 711 2237 Fortasse
742 2196 850 2238 hanc
883 2196 1058 2236 eandem
1104 2195 1323 2236 materiam
1369 2195 1575 2250 copiosius
1606 2195 1648 2236 in
1680 2209 1772 2251 per-

153 2273 249 2314 ditis
281 2275 476 2316 tractavit
508 2275 673 2329 scriptis
704 2274 931 2329 Epicurus,
965 2273 1173 2315 Heracliti
1204 2273 1370 2328 placitis
1402 2273 1575 2314 collatis.

208 2352 303 2392 Non
349 2352 555 2393 minorem
600 2352 807 2407 impendit
852 2365 1021 2406 operam
1069 2350 1291 2391 Lucretius
1336 2351 1618 2404 Anaxagorae
1651 2351 1771 2392 refel-

152 2428 300 2470 lendae
348 2429 560 2471 doctrinae
606 2444 665 2471 vs.
715 2431 954 2470 830—920.
1017 2428 1174 2470 Iisdem
1220 2428 1307 2469 fere
1350 2429 1611 2483 argumentis
1641 2433 1767 2485 poeta

197 2624 217 2662 ¹)
267 2622 316 2654 Cf.
341 2623 391 2653 ad.
418 2624 446 2653 3.

193 2686 219 2726 ²)
269 2686 308 2717 D.
356 2687 392 2717 L.
418 2686 450 2717 X
466 2709 473 2723 ‚
499 2687 527 2716 8.

193 2750 216 2786 ²³)
264 2748 363 2780 Arist.
389 2749 428 2780 de
453 2748 577 2779 Mundo
600 2759 626 2779 c.
652 2749 692 2785 5,
728 2758 757 2787 p.
784 2748 844 2777 396
869 2746 945 2777 edit.
972 2745 1118 2777 Bekker:
1157 2747 1261 2778 ταὺτὸ
1288 2746 1320 2777 Fe
1344 2748 1443 2779 τοῦτο
1468 2747 1510 2785 ἦν
1534 2748 1586 2777 καὶ
1613 2748 1650 2779 τὸ
1674 2748 1768 2787 παρὰ

150 2814 197 2852 τῷ
236 2813 393 2852 σκοτεινῷ
431 2812 610 2853 λεγόμενον
633 2808 847 2851 Ἡρακλείτῳ.
894 2808 960 2839 Cic.
996 2809 1034 2839 de
1071 2808 1142 2839 Fin.
1177 2808 1233 2846 II,
1272 2810 1319 2840 15.
1367 2807 1477 2839 Senec.
1516 2807 1619 2848 Epist.
1649 2809 1707 2846 12,
1734 2808 1762 2841 7.

150 2872 223 2904 Liv.
248 2873 395 2911 XXIII,
421 2874 479 2910 39,
506 2875 534 2903 3.

191 2936 217 2976 ⁴)
266 2935 306 2966 D.
332 2935 369 2966 L.
393 2936 443 2970 X.
478 2937 524 2966 13.

192 2999 217 3040 ⁵)
265 2999 307 3030 D.
333 2999 369 3030 L.
395 2999 445 3036 X,
474 3001 524 3029 54.
