1894 3235
903 124 981 164 116

128 256 239 313 ὕδωρ
286 259 500 309 ὑποστὰν,
546 257 731 300 ἐκοίλανε
776 259 874 307 τοὺς
922 259 1212 310 ὑποκειμένους
1253 259 1443 308 τόπους·
1489 259 1539 300 τὰ
1569 262 1642 311 μὲν
1673 258 1751 302 οὖν

129 337 354 390 κυριώτατα
396 338 495 391 μέρη
527 339 600 377 τοῦ
635 337 791 385 κόσμου
823 336 897 376 τὸν
929 337 1089 390 τρόπον
1121 340 1270 376 τοῦτον
1302 334 1548 390 ἕγεννιἰ·ἳ·η”.
1599 335 1752 376 Miram

129 414 447 456 similitudinem
479 427 568 454 esse
600 412 724 453 huius
756 413 1070 466 cosmogonicae
1105 412 1398 467 descriptionis
1419 427 1513 452 cum
1537 412 1752 453 Lucretia-

127 492 192 533 nis
234 492 424 533 versibus
472 504 594 531 nemo
642 502 741 530 sane
787 489 973 543 negabit.
1049 489 1132 530 Sed
1178 489 1463 542 Plutarchus,
1509 489 1579 545 qui
1624 489 1752 544 vulgo

127 570 298 611 nomina
329 573 574 620 auctorum,
622 581 799 623 quorum
831 566 974 607 laudat
1006 567 1186 621 placita,
1220 564 1441 619 adscribit,
1473 567 1579 608 hanc
1609 566 1752 608 lauda—

128 647 256 689 bilem
303 645 649 688 consuetudinem
691 644 759 685 hic
791 645 1010 699 neglexit,
1058 659 1138 700 quo
1170 644 1215 685 fit
1247 651 1294 685 ut
1326 645 1508 685 dubitari
1541 645 1670 700 possit
1702 643 1752 685 de

129 724 403 780 philosopho,
451 724 517 765 cui
565 722 813 763 tribuendus
861 723 913 762 sit
954 722 1025 762 ille
1057 722 1185 762 locus.
1249 722 1516 777 Empedoclis
1548 735 1637 763 esse
1669 735 1754 763 non

129 808 268 858 potest
315 817 409 843 cum
455 802 598 857 plures
642 801 693 842 ob
726 814 898 848 causas,
933 805 1021 840 tum
1060 800 1111 840 ob
1142 799 1279 853 hanc,
1312 799 1421 855 quod
1453 800 1524 840 ille
1557 803 1754 855 quattuor

132 882 344 923 elementa
392 895 445 921 ex
492 879 712 921 harmonia
762 878 963 934 sphaerae
1020 878 1202 933 primum
1253 891 1421 932 egressa
1473 891 1562 918 esse
1604 880 1753 932 putat,

129 965 270 1000 noster
315 959 418 999 illud
465 958 590 1000 chaos
631 971 899 1011 congressum
942 961 985 996 et
1016 956 1181 996 turbam
1215 956 1401 996 omnium
1433 969 1636 1009 generum
1668 959 1754 996 ato-

128 1052 293 1079 morum
337 1037 450 1078 facit-
513 1036 755 1077 Gassendus
799 1035 849 1076 dc
896 1045 1066 1075 auctore
1107 1033 1211 1074 nihil
1260 1033 1373 1074 (licit.
1435 1033 1667 1074 Reisaeker
1710 1033 1754 1074 in

131 1120 310 1170 quaestt.
355 1115 456 1155 lucr.
500 1128 539 1169 p.
574 1115 627 1154 ‘29
660 1118 791 1153 totam
823 1112 1147 1167 descriptionem
1180 1112 1231 1152 ad
1263 1119 1447 1152 mentem
1479 1111 1652 1167 Epicuri
1683 1125 1755 1153 ex-

131 1207 317 1249 pressam
365 1206 455 1233 esse
502 1196 666 1233 tantum
699 1191 890 1232 affirmat.
953 1190 1174 1230 Eduardus
1207 1190 1406 1231 Corsinus
1438 1188 1673 1239 (Plutarchi
1704 1189 1754 1230 de

130 1272 238 1328 plac.
286 1271 387 1327 phil.
431 1270 527 1311 libri
568 1270 622 1311 V.
669 1269 911 1311 Florentiae
961 1270 1083 1321 1750)
1125 1268 1168 1308 in
1202 1268 1495 1308 dissertatione
1527 1268 1560 1309 I.
1593 1267 1644 1310 ad
1675 1267 1755 1309 hoe

136 1354 262 1405 caput
307 1349 553 1390 annotavit:
605 1347 822 1403 „quamvis
868 1345 1122 1388 Plutarchus
1162 1345 1230 1386 hie
1263 1345 1314 1386 ab
1345 1345 1538 1386 instituto
1567 1345 1655 1386 fere
1687 1344 1756 1386 de-

131 1428 310 1469 flectens
355 1427 523 1468 unicam
570 1426 704 1467 solum
751 1426 802 1466 de
843 1425 992 1466 Mundi
1025 1425 1186 1479 origine
1233 1439 1279 1465 ac
1312 1424 1560 1465 formatione
1592 1427 1757 1465 senten-

130 1506 235 1546 tiam
297 1505 553 1561 expresserit
602 1505 821 1559 ipsamque
875 1503 1136 1544 dissimulato
1183 1503 1365 1543 auctoris
1410 1502 1580 1542 nomine
1625 1501 1758 1542 veluti

131 1583 344 1639 propriam
390 1582 682 1638 proposuerit,
730 1581 846 1621 illam
893 1585 1034 1621 tamen
1080 1593 1162 1620 non
1204 1579 1348 1632 alteri,
1396 1593 1519 1635 quam
1551 1579 1756 1634 Epicuro,

133 1660 452 1702 adscribendam
505 1673 594 1700 esse
647 1658 894 1712 observavi,
946 1658 1072 1713 idque
1119 1658 1341 1712 perspicue
1388 1662 1478 1698 tum
1524 1661 1758 1698 atomorum

130 1740 319 1793 mentio,
361 1739 513 1795 quibus
558 1738 756 1779 universa
786 1751 927 1778 rerum
961 1749 1184 1790 compages
1217 1740 1407 1776 constare
1441 1735 1620 1788 dicitur,
1667 1739 1757 1775 tum

132 1818 363 1872 figurarum
395 1817 606 1869 varietas,
640 1829 746 1871 quae
779 1815 929 1856 atomis
961 1813 1232 1865 conceditur,
1266 1812 1612 1854 demonstraret''.
1644 1812 1758 1854 Huic

130 1895 312 1937 libenter
359 1894 622 1936 assentimur.
686 1893 904 1940 Quatenus
950 1891 1218 1946 Empedoclis
1262 1891 1457 1931 carminis
1487 1890 1668 1945 vestigia
1696 1889 1759 1931 in-

136 1974 358 2014 veniantur
404 1977 551 2027 postea
594 1970 814 2012 ostendere
856 1970 898 2010 in
931 1969 1069 2010 animo
1102 1975 1177 2010 est.
1239 1968 1350 2009 Illud
1381 1969 1502 2009 nobis
1534 1968 1636 2009 satis
1665 1981 1760 2024 per-

134 2052 327 2107 spicuum
360 2050 548 2103 videtur,
580 2054 627 2090 ut
657 2049 702 2089 in
734 2048 946 2100 omnibus,
980 2048 1036 2089 sic
1068 2048 1111 2088 in
1144 2047 1221 2088 hac
1254 2047 1534 2102 descriptione
1568 2059 1758 2102 quoque,

136 2129 171 2170 si
202 2143 292 2170 rem
324 2127 517 2183 quidem,
550 2141 633 2168 non
665 2127 840 2167 formam
873 2125 1279 2177 animadvertamus,
1327 2124 1574 2165 Lucretium
1606 2123 1760 2180 Epicu-

136 2221 230 2248 rum
263 2211 428 2248 tantum
458 2205 708 2259 magistrum
739 2209 930 2245 secutum
963 2217 1066 2244 esse.

190 2285 242 2326 In
287 2288 534 2339 argumento
576 2283 671 2323 libri
703 2282 837 2338 quinti
871 2281 1102 2322 enarrando
1134 2281 1356 2322 Lucretius
1388 2279 1517 2321 verba
1546 2293 1631 2320 non
1660 2278 1761 2320 fecit

135 2363 186 2404 de
233 2367 438 2404 astrorum
481 2362 674 2403 motibus.
738 2361 812 2402 Vs.
848 2362 899 2401 76
951 2365 1223 2415 „praeterea,
1271 2359 1429 2415 inquit,
1478 2359 1575 2400 solis
1616 2373 1760 2400 cursus

134 2441 345 2496 lunaeque
376 2444 540 2481 meatus
572 2439 795 2494 expediam
828 2453 910 2494 qua
940 2439 980 2478 vi
1012 2439 1153 2479 flectat
1174 2443 1325 2478 natura
1346 2437 1612 2492 gubernans'’
1635 2441 1678 2478 et
1698 2451 1758 2478 vs.

139 2520 219 2559 772
250 2518 328 2560 hac
361 2517 550 2559 doctrina
581 2517 802 2572 exposita,
839 2516 1087 2572 „quoniam,
1120 2516 1284 2571 inquit,
1315 2516 1458 2570 magni
1489 2529 1564 2570 per
1594 2514 1761 2556 caerula

137 2596 283 2637 mundi
331 2609 412 2651 qua
442 2595 531 2635 fieri
564 2594 762 2650 quicquid
793 2598 932 2649 posset
963 2594 1125 2634 ratione
1156 2593 1309 2634 resolvi
1352 2593 1623 2648 (explicavi),
1663 2592 1761 2633 solis

134 2674 198 2715 uti
242 2673 379 2714 varios
418 2687 562 2713 cursus
592 2672 800 2727 lunaeque
832 2676 996 2712 meatus
1028 2685 1200 2712 noscere
1232 2684 1449 2726 possemus
1484 2684 1591 2726 quae
1623 2670 1687 2710 vis
1718 2673 1761 2710 et

139 2765 264 2793 causa
295 2750 425 2791 cieret
443 2750 481 2803 ,”
514 2754 611 2791 cett.
673 2748 795 2797 Quod
825 2754 966 2790 autem
999 2749 1049 2790 de
1072 2749 1170 2790 solis
1200 2749 1408 2804 lunaeque
1434 2752 1551 2788 motu
1574 2747 1760 2789 dicturus

139 2832 256 2881 erat,
304 2827 347 2868 id
393 2840 558 2883 quoque
591 2827 640 2868 de
672 2826 793 2868 astris
822 2826 1014 2880 intellegi
1047 2840 1141 2866 eum
1173 2825 1383 2878 voluisse,
1422 2824 1613 2865 videmus
1644 2837 1667 2865 e
1697 2837 1759 2865 VS.

140 2906 362 2958 614—50,
395 2905 600 2960 imprimis
631 2918 654 2946 e
685 2918 746 2945 vs.
780 2905 860 2945 623
897 2908 1077 2960 „quanto
1109 2916 1300 2959 quaeque
1330 2903 1464 2957 magis
1496 2901 1579 2943 sint
1601 2905 1758 2943 terram

140 2982 277 3024 sidera
305 2983 505 3038 propter''
543 2987 640 3023 cett.
674 2988 799 3038 atque
831 2996 853 3023 e
886 2997 945 3023 vs.
980 2984 1060 3023 643
1097 2989 1164 3034 „et
1194 2981 1354 3022 ratione
1386 2980 1477 3036 pari
1499 2980 1643 3020 lunam
1664 2979 1756 3020 stel-

1887 1964 1894 1988 Α
