1894 3235
868 110 950 151 158

95 247 264 302 ineptus
309 245 408 288 ordo
454 249 544 298 est,
591 243 709 300 quasi
755 247 840 284 tres
885 243 1087 299 postremi
1132 243 1194 283 illi
1225 256 1372 284 versus
1404 244 1716 298 (1087—1089)

95 325 173 366 soli
202 324 255 366 ad
286 323 512 366 secundam
542 324 746 364 rationem
777 323 1028 378 pertineant.
1092 322 1334 364 Collocandi
1374 326 1471 363 sunt
1507 327 1605 364 ante
1626 336 1718 364 ver-

99 417 191 444 sum
226 404 362 455 1065,
394 406 441 442 ut
471 401 539 441 hic
570 414 716 441 versus
748 399 992 441 referendus
1023 400 1077 440 sit
1107 399 1160 441 ad
1191 401 1326 441 1089:
1361 399 1489 441 atomi
1510 400 1719 455 magnetis

99 483 142 521 et
171 479 270 521 ferri
302 478 420 534 quasi
450 477 598 518 anellis
630 481 672 517 et
702 476 837 517 hamis
868 476 1085 532 praeditae
1116 476 1226 517 inter
1258 490 1301 518 se
1333 476 1456 518 facile
1487 477 1720 532 iunguntur

97 557 158 599 ita
202 561 250 598 ut
292 555 571 598 cohaereant:
618 568 725 610 quae
758 555 993 610 complexio
1025 555 1103 596 etsi
1134 555 1177 595 in
1207 560 1405 610 magnete
1437 559 1479 596 et
1508 554 1617 597 ferro
1647 559 1719 612 po-

97 634 306 675 tissimum
337 638 540 689 apparet,
571 636 714 674 tamen
745 646 800 673 cx
830 633 922 673 aliis
954 632 1161 688 exemplis
1193 633 1319 674 etiam
1351 633 1545 688 cognosci
1566 637 1717 689 potest.

154 712 246 753 Iam
277 715 407 752 restat
437 716 484 751 ut
516 710 785 751 ostendamus
817 710 1062 751 Lucretium
1093 710 1137 751 in
1158 709 1236 751 hac
1259 709 1447 752 doctrina
1469 711 1719 767 exponenda

97 789 330 844 Epicurum
362 793 554 830 secutum
586 802 690 829 esse.
751 788 880 843 Apud
911 787 1149 841 Galenum,
1180 794 1271 843 περὶ
1295 787 1510 843 δυνάμεων
1534 793 1718 845 φυσικῶν

98 866 193 907 libr.
225 866 247 907 I
278 880 367 921 cap.
400 865 510 906 XIV
542 866 721 920 legimus
752 865 984 920 Epicurum
1015 879 1097 905 non
1130 864 1180 905 de
1212 864 1291 906 hoc
1313 865 1603 921 phaenomeno
1632 866 1719 907 solo

99 944 344 987 disseruisse
381 958 529 986 verum
561 945 689 986 etiam
721 945 772 986 de
804 945 948 986 sucino
980 945 1068 985 sive
1100 944 1256 985 electro
1288 945 1431 1000 paleas
1462 945 1715 987 attrahente.

97 1023 229 1065 Porro
275 1023 453 1064 alteram
499 1022 689 1064 Lucretii
733 1022 1062 1077 explicat-ionem
1109 1022 1296 1064 Galenus
1327 1022 1511 1078 Epicuro
1542 1023 1718 1077 tribuit,

97 1101 154 1142 l.l.
186 1101 438 1156 Ἐπίκουρος
467 1104 541 1155 μὲν
573 1100 674 1154 οὖν,
707 1103 836 1142 καίτοι
856 1101 1168 1156 παραπλησίοις
1189 1100 1474 1157 Ἀσκληπιάδῃ
1497 1105 1719 1158 στοιχείοις

98 1182 156 1228 εἷς
201 1181 278 1229 τὴν
325 1179 606 1235 φυσιολογίαν
658 1179 903 1234 χρώμενος,
952 1181 1066 1232 ὅμως
1111 1179 1335 1234 ὁμολογεῖ,
1380 1181 1488 1235 πρὸς
1533 1183 1607 1233 μὲν
1646 1186 1719 1229 τῆς

98 1257 322 1313 ἡρακλείας
362 1257 489 1299 λίθου
531 1259 606 1299 τὸν
649 1255 822 1312 σίδηρον
854 1257 1069 1307 ἕλκεσὲαι,
1100 1259 1209 1312 πρὸς
1242 1256 1283 1300 δὲ
1314 1261 1397 1299 τῶν
1429 1258 1638 1314 ἠλέκτρων
1668 1258 1718 1300 τὰ

98 1335 279 1392 κυρήβια
302 1335 338 1390 ¹),
370 1339 431 1378 καὶ
454 1338 641 1389 πειρᾶταί
659 1354 705 1391 γε
728 1339 792 1377 καὶ
812 1336 888 1384 τὴν
910 1338 1043 1377 αἰτίαν
1066 1334 1311 1378 ἀποδιδόναι
1332 1340 1405 1377 τοῦ
1429 1337 1677 1391 φαινομένου
1701 1367 1710 1377 .

96 1415 171 1464 τὰς
212 1415 294 1469 γὰρ
338 1413 631 1470 ἆποῤῥεούσας
673 1414 853 1466 ἀτόμους
890 1413 972 1454 ἀπὸ
1004 1416 1088 1455 τῶν
1119 1413 1256 1455 λίθων
1287 1420 1376 1462 ταῖς
1408 1412 1718 1469 ἀποῤῥεοῦσαις

93 1492 175 1535 ἀπὸ
207 1496 281 1534 τοῦ
314 1490 486 1546 σιδήρου
517 1497 606 1540 τοῖς
638 1494 850 1547 σχήμασιν
883 1494 1034 1542 οἰκείας
1067 1491 1171 1533 εἶναί
1202 1501 1353 1547 φησιν,
1387 1493 1488 1534 ὥστε
1522 1490 1713 1546 περιπλέ-

97 1572 238 1612 κεσθαι
277 1568 435 1625 ῥᾳδίως
468 1603 476 1609 .
508 1571 856 1624 προςκρουούσας
894 1568 970 1611 οὖν
1002 1570 1131 1618 αὐτὰς
1162 1575 1251 1621 τοῖς
1283 1572 1558 1625 συγκρίμασιν
1590 1571 1717 1611 ἑκατέ-

95 1667 217 1704 ροις,
256 1654 348 1696 τοῖς
393 1666 433 1690 τε
475 1651 548 1689 τοῦ
590 1647 717 1689 λίθου
758 1651 820 1689 καὶ
866 1651 940 1689 τοῦ
983 1645 1185 1702 σιδήρου,
1228 1647 1375 1689 κᾶπειτ’
1417 1650 1474 1696 εἰς
1515 1648 1562 1689 τὸ
1592 1649 1719 1701 μέσον

96 1726 456 1778 ἀποπαλλομένας
472 1758 483 1776 ‚
505 1726 640 1774 οὕτως
661 1725 873 1777 ἀλλήλαις
895 1744 935 1767 τε
959 1726 1273 1779 περιπλέκεσθαι
1295 1729 1357 1767 καὶ
1382 1728 1715 1768 συνεπισπᾶσθαι

97 1806 174 1846 τὸν
221 1802 407 1858 σίδηρον.
471 1803 660 1844 Priorem
708 1803 1035 1858 explicationem
1080 1802 1326 1844 Alexander
1371 1802 1715 1858 Aphrodisiensis

100 1881 361 1933 (Quaestion.
394 1885 531 1922 natur.
563 1881 634 1922 lib.
667 1881 724 1922 Π.
759 1895 847 1936 cap.
882 1883 952 1931 23)
986 1881 1233 1936 Empedocli
1265 1881 1440 1934 tribuit,
1473 1881 1543 1937 qui
1580 1894 1719 1936 „mag-

96 1961 204 2002 netis
249 1960 406 2001 ferrum
447 1959 500 2001 ad
541 1974 584 2001 se
630 1959 837 2001 trahentis
882 1960 970 2001 vim
1012 1960 1216 2015 explicuit
1249 1974 1270 2001 e
1301 1960 1464 2001 ratione
1495 1974 1717 2016 pororum,

96 2038 270 2092 dicens,
317 2052 367 2079 eo
406 2037 518 2094 quod
548 2038 766 2093 utriusque
799 2038 1006 2094 ἀπορροαί
1038 2043 1080 2078 et
1111 2040 1236 2094 πόροι
1267 2038 1378 2079 inter
1408 2052 1454 2079 se
1485 2042 1718 2093 congruant

96 2116 233 2169 effici,
280 2121 327 2156 ut
374 2129 417 2156 se
464 2115 647 2156 invicem
678 2119 893 2171 appetant.
955 2115 1095 2163 Quum
1127 2115 1239 2156 enim
1270 2116 1479 2169 magnetis
1509 2116 1719 2171 ἀπορροαί

94 2194 138 2234 in
184 2193 341 2235 ferrum
387 2194 612 2236 influentes
654 2197 795 2235 aerem
842 2207 963 2249 poros
1008 2193 1108 2234 ferri
1139 2193 1401 2234 obsidentem
1431 2194 1716 2247 removerint,

96 2276 186 2313 tum
216 2272 373 2313 ferrum
405 2272 588 2313 vicissim
619 2285 817 2326 magnam
850 2272 1043 2312 emittere
1075 2271 1368 2325 effluxionem,
1414 2286 1547 2327 eaque
1578 2272 1716 2327 ipsum

95 2349 219 2391 simul
251 2349 303 2390 ad
333 2354 575 2404 magnetem
605 2349 723 2404 rapi’'
747 2350 789 2402 2).
853 2349 1061 2404 Epicurus
1091 2349 1236 2404 procul
1268 2349 1392 2390 dubio
1423 2349 1531 2390 hanc
1562 2349 1717 2405 Empe-

97 2426 226 2467 doclis
272 2427 582 2482 expositionem
612 2426 829 2480 laudavit,
874 2427 1092 2481 vulgarem
1124 2441 1241 2467 suam
1273 2440 1451 2482 sequens
1481 2426 1714 2480 rationem,

96 2518 192 2545 cum
222 2504 359 2545 varias
389 2503 735 2560 philosophorum
767 2503 976 2545 doctrinas
1007 2504 1041 2544 si
1072 2504 1253 2545 naturali
1285 2505 1446 2545 ratione
1476 2518 1565 2545 rem
1588 2517 1716 2560 expo-

95 2581 280 2634 nebant,
328 2594 462 2636 aeque
507 2594 627 2622 veras
666 2580 875 2622 habuerit.
937 2581 1058 2629 Quod
1089 2582 1157 2622 vel
1188 2581 1455 2623 manifestum
1489 2581 1535 2623 fit
1566 2582 1599 2623 si
1631 2582 1716 2623 Lu-

96 2658 216 2700 cretii
260 2658 391 2700 verba
436 2673 495 2700 vs.
546 2660 655 2700 1070
686 2673 800 2714 seqq.
833 2673 959 2714 supra
989 2658 1160 2700 laudata
1190 2660 1403 2715 componis
1434 2674 1529 2701 cum
1560 2659 1714 2715 Empe-

96 2734 226 2777 doclis
270 2736 487 2778 versibus:
535 2738 636 2793 οἴνῳ
682 2735 791 2793 ὕδωρ
831 2736 1002 2791 μᾶλλον
1032 2737 1145 2779 πέλει
1175 2737 1383 2793 ἅρὲμιον,
1430 2737 1558 2792 αὐτὰρ
1590 2737 1714 2793 ἐλαίῳ

139 2871 159 2909 ¹)
206 2871 376 2904 Pertinent
407 2870 487 2903 haec
508 2871 549 2902 ad
577 2874 740 2903 certamen
760 2870 847 2903 inter
867 2870 1019 2913 physicos
1053 2871 1092 2903 de
1119 2874 1268 2913 magnete
1281 2895 1289 2910 ,
1323 2871 1403 2903 num
1425 2871 1547 2902 ferrum
1570 2870 1713 2903 attrahat

94 2944 137 2966 an
161 2945 237 2966 vero
258 2937 443 2976 magnetem
466 2934 599 2966 ferrum.

139 2997 166 3039 2)
214 2997 373 3036 Karsten,
390 2997 595 3038 Empedoclis
607 2997 818 3039 Agrigentini
833 2997 1014 3030 carminum
1028 2997 1193 3039 reliquiae.
1211 2996 1386 3029 Amstelod.
1409 2998 1489 3028 1838
1503 3020 1511 3035 ,
1534 3007 1607 3037 pag.
1640 2998 1712 3027 440.
