1894 3235
884 127 932 166 61

96 271 192 299 aere
225 260 281 309 (ἐκ
310 263 431 300 ποιοῦ
464 257 703 314 ἀερώδους).
763 258 823 299 At
862 258 942 300 hae
973 263 1058 300 tres
1090 263 1230 315 partes
1266 259 1452 300 nondum
1487 265 1578 313 „sat
1610 265 1706 302 sunt

94 335 147 376 ad
176 349 344 376 sensum
375 336 626 376 creandum:
658 336 717 376 nil
748 335 897 376 horum
928 337 1123 392 quoniam
1154 337 1303 392 recipit
1328 351 1393 378 res
1417 351 1537 392 posse
1563 353 1704 380 creare

96 413 316 454 sensiferos
347 413 517 454 motus’⁷
542 418 591 466 ¹),
625 413 735 468 quod
766 414 983 455 conficitur
1005 419 1153 469 quarta
1177 414 1253 456 illa
1275 419 1406 470 parte.
1468 415 1589 456 Haec
1610 431 1707 471 pars

95 491 320 546 praecipua
351 495 434 542 est,
472 490 716 543 „sensiferos
747 495 884 531 motus
917 505 1024 546 quae
1058 491 1173 532 dedit
1208 492 1344 547 prima
1384 506 1460 548 per
1489 494 1631 534 artus'⁷
1664 498 1705 535 et

95 569 301 622 calorem,
349 582 520 621 auram,
567 582 664 609 aera
709 568 904 624 deinceps
954 574 1106 610 movet.
1169 568 1402 624 Epicurus,
1450 574 1519 626 qui
1557 571 1703 612 eadem

95 646 243 699 docet,
289 646 523 687 accuratius
565 646 800 687 functiones
848 647 1048 702 cuiusque
1082 647 1213 702 partis
1246 648 1441 688 ostendit.
1502 649 1705 703 Legimus

94 725 205 766 enim
250 724 361 780 apud
421 724 647 765 stobaeum
695 738 790 765 eum
830 724 985 765 dixisse
1028 726 1213 766 animum
1262 739 1351 767 esse
1384 731 1515 781 κρᾶμα
1547 729 1586 770 ἐκ
1617 747 1706 770 τεσ-

94 803 253 858 σάρων,
288 804 328 844 ἐκ
358 806 480 843 ποιοῦ
512 800 756 856 πυρώδους,
803 803 842 844 ἐκ
872 806 995 843 ποιοῦ
1027 801 1253 857 ἀερώδους,
1298 805 1337 844 ἐκ
1367 806 1560 859 τετάρτου
1591 807 1705 854 τινὸς

92 880 452 933 ἀκατονομάστου,
483 885 606 921 τοῦτο
639 877 725 928 δ’ἦν
757 881 864 936 αὐτῷ
896 881 942 921 τὸ
976 881 1218 928 αἰσθητικόν
1238 894 1246 902 ·
1277 883 1334 922 ὧν
1368 882 1414 923 τὸ
1445 885 1518 935 μὲν
1550 887 1705 935 πνεῦμα

92 959 277 1006 κίνησιν,
307 957 381 998 τὸν
414 954 453 998 δὲ
486 958 581 1012 ἀέρα
615 959 805 1011 ἠρεμίαν,
838 958 885 998 τὸ
918 955 958 999 δὲ
991 958 1145 1011 θερμὸν
1176 959 1251 1006 τὴν
1288 961 1536 1013 φαινομένην
1558 961 1705 1014 θερμό-

90 1053 187 1083 τητα
219 1038 293 1076 τοῦ
326 1035 540 1087 σώματος,
587 1035 634 1075 τὸ
684 1033 1059 1081 δ’ἆκατονόμαστον
1092 1036 1166 1083 τὴν
1199 1037 1240 1076 ἐν
1274 1037 1369 1088 ἡμῖν
1402 1038 1580 1090 ἐμποιεῖν
1617 1038 1703 1080 α’ίσ-

91 1114 216 1161 θησιν
236 1126 243 1134 ·
266 1114 308 1154 ἐν
338 1111 474 1154 οὐδενὶ
506 1113 587 1167 ’γὰρ
611 1116 693 1154 τῶν
717 1112 1041 1165 ὀνομαζομένων
1073 1115 1291 1165 στοιχείων
1315 1114 1415 1155 εἶναι
1439 1115 1633 1164 αἴσθησιν
1656 1115 1701 1161 2).

92 1189 197 1231 Cum
242 1189 307 1230 his
337 1189 475 1230 verbis
506 1189 703 1230 videntur
733 1204 816 1230 non
847 1191 1066 1231 concinere
1099 1204 1206 1246 quae
1238 1191 1436 1244 leguntur
1466 1192 1518 1232 D.
1551 1192 1599 1233 L.
1632 1192 1702 1246 X,

92 1269 166 1308 63:
214 1268 321 1309 οὕτω
366 1269 447 1323 γὰρ
489 1269 512 1316 ἡ
555 1266 814 1322 βεβαιοτάτη
857 1271 994 1319 πίστις
1032 1268 1141 1310 ἔσται
1173 1271 1236 1310 ὅτι
1268 1270 1291 1317 ἡ
1323 1271 1439 1325 ψυχὴ
1473 1271 1591 1322 σῶμά
1623 1273 1705 1313 ἐστι

89 1345 361 1401 λεπτομερές,
412 1346 507 1401 παρ’
530 1347 635 1387 ὅλον
666 1347 713 1387 τὸ
745 1347 951 1401 ἄθροισμα
989 1348 1332 1401 παρεσπαρμένον
1353 1379 1362 1395 ,
1408 1350 1707 1403 προςεμφερέσ-

88 1443 213 1466 τατον
261 1422 300 1466 δὲ
345 1426 540 1476 πνεύματι
587 1426 742 1478 θερμοῦ
789 1443 878 1465 τινα
920 1427 1064 1479 κρᾶσιν
1112 1424 1252 1479 ἐ’χοντι
1302 1428 1364 1466 καὶ
1396 1432 1450 1473 πῆ
1481 1428 1554 1477 μὲν
1585 1427 1716 1481 τούτῳ

88 1503 391 1557 προςεμφερὲς,
435 1508 488 1549 πῆ
535 1499 575 1543 δὲ
622 1503 774 1556 ἐκείνῳ.
799 1501 881 1542 ἐ’στι
913 1499 952 1543 δὲ
983 1503 1030 1543 τὸ
1060 1503 1185 1556 μέρος
1216 1501 1388 1551 πολλὴν
1420 1502 1703 1558 παραλλαγὴν

88 1579 259 1634 εἰληφὸς
289 1582 338 1635 τῇ
369 1578 632 1633 λεπτομερείᾳ
652 1582 714 1620 καὶ
747 1579 882 1620 αὐτῶν
913 1580 1100 1627 τούτων,
1135 1583 1348 1632 συμπαθὲς
1380 1578 1420 1622 δὲ
1452 1582 1583 1636 τούτῳ
1602 1581 1704 1633 μᾶλ-

88 1656 168 1698 λον
201 1660 262 1698 καὶ
295 1661 351 1712 τῷ
381 1657 516 1712 λοιπῷ
545 1657 804 1712 ἀθροίσματι.
868 1656 1096 1704 Quaeritur
1128 1662 1268 1697 utrum
1295 1657 1397 1698 duas
1433 1672 1486 1698 an
1508 1663 1592 1699 tres
1609 1673 1702 1714 par-

88 1737 151 1773 tes
181 1732 248 1773 hic
280 1733 486 1773 discernat
507 1732 726 1787 Epicurus.
771 1733 877 1774 Sunt
899 1733 970 1788 qui
991 1735 1041 1774 τό
1061 1736 1185 1789 μέρος
1207 1733 1391 1774 referant
1413 1734 1465 1775 ad
1487 1735 1699 1776 animum:

92 1815 179 1863 „est
210 1815 350 1852 autem
381 1825 476 1866 pars
508 1810 742 1864 (hominis),
788 1825 893 1866 quae
924 1811 1101 1852 multam
1133 1813 1295 1867 accepit
1330 1812 1697 1854 immutati011em”

87 1887 147 1928 ita
178 1887 388 1941 Oobetus,
429 1888 712 1941 Huebnerus,
760 1888 1064 1929 Schneiderus:
1113 1889 1184 1930 alii
1216 1889 1315 1944 qui,
1348 1894 1498 1945 putent
1528 1891 1697 1932 tertiam

87 1968 251 2019 partem
281 1964 348 2005 hic
389 1964 548 2006 duabus
579 1965 785 2020 prioribus
833 1966 1044 2019 (πνεύματι
1076 1969 1118 2006 et
1149 1967 1299 2022 θερμῷ)
1331 1966 1456 2020 addi,
1504 1967 1561 2008 sic
1593 1967 1697 2008 Ros-

88 2041 200 2095 sius,
231 2042 341 2097 quod
370 2045 483 2082 recte
514 2041 618 2082 mihi
648 2042 826 2083 videtur.
874 2046 1004 2099 τούτῳ
1024 2043 1135 2084 6111111
1167 2058 1248 2099 quo
1279 2044 1424 2085 referri
1458 2044 1593 2098 debet,
1618 2045 1698 2086 nisi

88 2118 140 2160 ad
188 2119 398 2172 animam,
445 2133 540 2161 cum
581 2123 640 2175 τῷ
670 2120 806 2176 λοιπῷ
837 2121 1084 2176 ἀθροίσματι
1126 2121 1280 2176 opponi
1313 2121 1500 2163 debeat?
1562 2123 1697 2164 Credo

87 2196 317 2252 Epicurum
347 2197 526 2238 nominis
558 2202 777 2252 expertem
804 2197 919 2239 illam
935 2203 1099 2253 partem
1121 2199 1172 2240 ob
1196 2199 1336 2240 oculos
1357 2199 1566 2253 habuisse,
1591 2215 1697 2256 quae

87 2274 351 2331 λεπτομερείᾳ
383 2275 552 2324 πολλὴν
584 2275 866 2331 παραλλαγὴν
898 2276 1037 2332 εἴληφε
1069 2280 1152 2319 τῶν
1194 2277 1340 2319 ἄλλων
1373 2278 1622 2331 (πνεύματος
1657 2283 1698 2319 et

87 2354 256 2407 θερμοῦ)
287 2353 355 2393 vel
385 2356 431 2393 ut
462 2352 684 2393 Lucretius
716 2352 815 2393 dicit
846 2367 905 2394 vs.
930 2355 1012 2395 243
1049 2369 1155 2410 „qua
1185 2368 1323 2410 neque
1356 2355 1554 2396 mobilius
1586 2356 1699 2411 quic-

88 2443 212 2485 quam
242 2443 379 2485 neque
409 2430 583 2471 tenuius
617 2431 804 2471 exstat.”

145 2506 298 2546 Paucis
327 2507 499 2548 mutatis
530 2507 587 2548 sic
617 2507 758 2562 legere
789 2507 943 2548 velim:
977 2508 1060 2550 ’ἐστι
1093 2507 1134 2551 δέ
1163 2527 1200 2550 τι
1223 2511 1346 2564 μέρος
1368 2541 1495 2551 .....
1526 2510 1698 2563 μᾶλλον

90 2583 111 2632 ἢ
143 2587 198 2639 τῷ
226 2582 361 2640 λοιπῷ
379 2615 388 2624 .
408 2616 416 2624 .
436 2616 444 2625 .
504 2583 582 2624 Est
627 2588 768 2625 autem
798 2599 894 2640 pars
926 2585 1008 2626 alia
1055 2585 1130 2638 (ita
1161 2585 1553 2641 Aldobrandinus),
1586 2601 1693 2643 quae

86 2660 294 2701 tenuitate
324 2661 503 2701 multum
535 2661 742 2716 discrepat
772 2661 824 2702 ab
852 2661 934 2702 illis
955 2662 1078 2716 ipsis,
1112 2662 1185 2703 sed
1208 2666 1349 2703 tamen
1371 2662 1469 2704 huic
1493 2664 1694 2717 (animae,

88 2737 205 2778 cuius
250 2737 352 2778 duas
396 2741 536 2793 partes
582 2738 855 2792 enumeravit)
902 2739 1042 2793 potius
1083 2739 1347 2780 consentiens
1379 2753 1504 2795 quam
1534 2740 1695 2796 reliquo

132 2910 156 2950 ²)
203 2909 258 2942 Vs.
284 2912 355 2943 238.

129 2971 156 3011 ²)
201 2972 270 3004 Ecl.
294 2983 324 3012 p.
350 2973 419 3005 798.
444 2972 484 3003 cf.
510 2972 596 3003 Plut.
620 2971 702 3012 plac.
729 2971 799 3011 IV,
825 2974 853 3003 3.
