1894 3235
950 114 1002 152 26

225 243 345 286 Haec
391 245 617 300 primordia
657 246 785 301 igitur
827 251 923 287 sunt
959 247 1133 288 minima
1164 261 1365 303 corpora,
1414 249 1524 305 quod
1554 254 1695 291 tamen
1727 250 1785 292 sic

167 320 502 375 intellegendum
534 328 618 363 est:
651 323 825 363 minima
857 329 953 364 sunt
985 338 1169 379 corpora,
1202 339 1309 380 quae
1340 339 1416 380 per
1438 340 1481 367 se
1505 331 1671 368 exstare
1693 341 1785 382 pos-

167 397 276 451 sint;
319 398 477 440 habent
508 413 607 440 vero
639 405 809 454 partes,
842 414 944 456 quas
975 402 1197 456 cogitando
1228 404 1418 444 invenire
1442 418 1681 459 possumus;
1713 404 1786 446 sed

168 473 248 516 hae
295 481 435 530 partes
480 491 695 532 nunquam
741 477 793 518 ab
837 482 924 519 toto
966 480 1090 520 avelli
1122 485 1295 535 possunt
1326 495 1461 537 neque
1494 496 1568 537 per
1598 496 1642 523 se
1673 496 1785 537 esse3

168 553 296 593 atomi
328 554 456 608 igitur
486 568 569 595 non
602 568 656 595 ex
688 555 854 596 illarum
885 556 958 608 (sic
988 561 1102 598 recte
1134 557 1284 599 Munro
1318 560 1417 612 611)
1451 564 1660 600 conventu
1690 564 1787 601 sunt

168 635 306 683 ortae,
352 631 425 672 sed
471 632 522 673 ab
568 632 681 673 omni
728 633 978 674 aeternitate
1011 634 1188 676 eandem
1218 635 1430 678 habebant
1463 637 1652 678 formam.
1714 637 1787 679 Se-

168 708 351 749 cundum
383 709 701 751 similitudinem
733 711 844 751 enim
876 711 1053 752 aliorum
1084 727 1303 768 corporum
1322 747 1332 767 ,
1365 729 1471 770 quae
1496 716 1787 757 extremitates

168 790 210 826 et
241 787 458 828 cacumina
488 786 674 841 habent,
707 788 916 844 Epicurus
958 789 1130 846 eiusque
1172 791 1379 847 interpres
1410 793 1632 834 Lucretius
1663 793 1788 834 ratio-

167 864 371 905 cinantur.
432 865 660 907 Praeterea
705 866 796 921 ipsa
839 866 1027 908 doctrina
1072 869 1206 923 poscit
1253 874 1413 911 atomos
1459 870 1615 912 habere
1647 871 1788 926 plures

167 941 320 983 formas
339 957 347 983 :
382 943 586 984 varietate
619 944 732 985 enim
763 949 998 986 atomorum
1020 945 1247 987 formarum
1267 947 1373 988 varii
1396 961 1594 989 sensuum
1615 948 1788 990 affectus

167 1019 433 1075 explicantur
485 1020 576 1073 (IV.
621 1022 703 1062 648
747 1026 866 1077 sqq).
928 1023 1209 1064 Inveniuntur
1255 1024 1507 1080 quadratae,
1555 1025 1787 1079 rotundae,

165 1098 284 1138 uncis
314 1098 530 1153 praeditae
563 1103 604 1140 et
634 1100 778 1140 multis
799 1100 891 1141 aliis
913 1100 1047 1141 modis
1071 1106 1334 1142 constructae
1363 1101 1389 1155 1)
1410 1117 1418 1142 :
1452 1116 1546 1143 cum
1569 1106 1709 1144 autem
1729 1103 1789 1143 ita

168 1176 251 1216 sint
296 1175 527 1229 formatae,
559 1177 649 1218 fieri
681 1192 764 1218 non
801 1182 962 1233 potest,
1006 1179 1106 1234 quin
1138 1179 1378 1220 intellectus
1409 1179 1453 1220 in
1485 1179 1536 1220 iis
1581 1179 1790 1222 discernat

170 1258 311 1309 partes
328 1252 374 1307 2).
436 1254 631 1310 Denique
675 1256 755 1296 nisi
789 1256 918 1297 atomi
950 1257 1124 1298 minima
1155 1262 1296 1298 essent
1327 1271 1530 1312 corpora,
1578 1271 1684 1313 quae
1714 1271 1790 1313 per

169 1345 212 1372 se
245 1336 413 1394 eirstare
444 1337 637 1388 possent,
680 1333 753 1375 sed
785 1334 818 1375 si
850 1340 1000 1376 natura
1046 1335 1129 1376 iam
1177 1340 1336 1376 atomos
1382 1336 1492 1391 ipsas
1522 1335 1565 1376 in
1595 1335 1790 1377 minimas

169 1424 313 1451 earum
344 1414 486 1466 partes
528 1411 755 1453 dissolvere
802 1417 1070 1466 consuesset,
1110 1413 1168 1454 nil
1207 1427 1261 1454 ex
1289 1413 1373 1454 illis
1404 1414 1589 1469 reparari
1620 1418 1788 1469 posset,

167 1489 365 1544 quoniam
396 1503 504 1545 quae
536 1489 662 1531 nullis
685 1490 716 1543 3)
764 1495 860 1531 sunt
891 1491 1082 1546 partibus
1127 1491 1342 1546 praedita,
1389 1505 1472 1532 non
1511 1495 1686 1547 possunt
1716 1505 1789 1546 ea,

763 1569 785 1586 ⁷5

166 1580 273 1623 quae
309 1567 530 1622 „genitalis
560 1568 758 1609 materies
828 1568 984 1610 habere
1016 1573 1141 1625 atque
1173 1569 1362 1611 efficere:
1410 1569 1548 1612 varios
1580 1583 1791 1624 conexus,

166 1644 379 1700 pondera,
417 1645 587 1700 plagaS,
620 1660 866 1699 concursus,
898 1650 1037 1687 motus
1059 1645 1105 1699 4).

223 1722 344 1764 Haec
375 1723 515 1764 omnia
546 1737 600 1764 ex
631 1723 803 1779 Epicuri
836 1724 1025 1766 doctrina
1060 1737 1150 1765 esse
1183 1724 1421 1780 depromta,
1452 1729 1600 1780 postca
1629 1725 1792 1781 patebit

162 1930 249 1970 εἴπῃ.
276 1930 327 1961 ’ότι
350 1929 481 1969 ἄπειροι
505 1929 597 1968 ὄγκοι
620 1927 656 1958 ἕν
682 1940 748 1959 τινι
784 1926 1010 1968 ὑπάρχουσιν
1036 1928 1054 1962 ἣ
1079 1928 1308 1965 ὁπηλικοιοῦν,
1334 1926 1403 1958 ἔστι
1427 1929 1547 1964 νοῆσαι
1573 1929 1643 1963 πῶς
1666 1926 1742 1958 τ’ἃν
1753 1925 1790 1958 ἔτ

166 1992 418 2032 πεπερασμένον
444 1993 533 2023 τοῦτ’
555 1993 602 2030 εἴη
629 1994 666 2024 τὸ
692 1990 853 2034 μέγεθος·
877 1989 1014 2029 πηλίκοι
1037 1991 1102 2032 γάρ
1127 2001 1215 2027 τινες
1241 1989 1360 2032 (ὄντες)
1384 1989 1488 2028 δῆλον
1511 1990 1554 2027 ὡς
1577 1989 1636 2020 οὐκ
1658 1989 1789 2031 ἄπειροι

168 2055 249 2087 εἰσιν
273 2056 382 2096 ὄγκοι,
408 2058 483 2086 cett.

211 2119 236 2159 ¹)
282 2118 331 2150 Cf.
355 2118 412 2149 lib.
439 2118 476 2150 II
500 2122 533 2150 et
556 2118 605 2149 IV
630 2116 763 2158 passim.

209 2182 233 2219 ²)
280 2181 321 2213 D.
341 2181 378 2213 L.
395 2181 429 2212 X
441 2205 448 2219 ,
467 2183 517 2212 58.
535 2181 631 2212 Lucr.
650 2180 688 2219 Ι,
714 2181 775 2211 599
800 2191 868 2221 sqq.
894 2179 1033 2211 Versum
1049 2180 1122 2217 599,
1141 2182 1179 2210 ut
1193 2177 1318 2219 opinor,
1342 2177 1467 2210 codices
1484 2188 1598 2209 sanum
1614 2177 1787 2218 praebent:

165 2248 257 2283 „tum
280 2255 374 2285 porro
397 2243 550 2286 quoniam
573 2249 621 2275 est
644 2247 826 2275 extremum
850 2243 1000 2284 quodque
1017 2251 1171 2273 cacumen
1193 2240 1335 2282 corporis
1357 2240 1457 2279 illius,
1475 2244 1550 2272 cett.
1569 2240 1692 2281 Corpus
1707 2240 1790 2272 illud

166 2307 235 2339 sine
258 2307 357 2339 dubio
380 2311 429 2339 est
451 2311 578 2339 atomus
597 2332 604 2345 ‚
638 2317 721 2348 quae
745 2306 923 2338 secundum
945 2305 1128 2346 analogiam
1151 2304 1290 2336 aliorum
1314 2314 1482 2344 corpomm
1506 2313 1571 2335 non
1594 2313 1692 2335 unam
1715 2313 1789 2335 cum

165 2370 300 2412 reliquis
323 2370 439 2402 atomis
461 2369 560 2401 habet
582 2370 719 2402 formam
745 2370 774 2408 (Ι
780 2369 795 2401 Ι
810 2394 818 2407 ‚
853 2371 936 2406 335).
984 2368 1145 2400 Munrous
1159 2392 1166 2405 ,
1202 2367 1256 2398 cui
1290 2366 1317 2398 si
1339 2367 1446 2398 locum
1470 2367 1705 2398 emendandum
1728 2377 1788 2408 pu-

166 2437 268 2465 tarem
282 2458 289 2471 ‚
314 2433 372 2464 uni
395 2432 544 2464 assentiri
567 2443 694 2473 possem
708 2456 716 2470 ‚
751 2431 835 2462 hanc
870 2442 943 2462 cum
967 2430 1040 2462 aliis
1067 2429 1254 2470 corporibus
1278 2429 1525 2460 similitudinem
1548 2429 1789 2470 exprimendam

167 2507 236 2529 esse
269 2500 379 2527 censet
415 2497 465 2536 (ut
499 2494 661 2536 Epicurus
693 2495 735 2525 D.
762 2494 799 2526 L.
824 2496 882 2525 58:
922 2492 1030 2535 ταύτῃ
1065 2493 1108 2534 τῇ
1142 2493 1313 2534 ἀναλογίᾳ
1350 2491 1526 2531 νομιστέον
1550 2493 1603 2523 καὶ
1629 2494 1666 2525 τὸ
1689 2491 1726 2523 ἐν
1749 2492 1791 2534 τῇ

166 2562 278 2603 ἀτόμῳ
313 2560 495 2602 ἒκὰχιστον
529 2560 715 2600 κεχρῆσθαι
739 2560 914 2599 μικρότητι
939 2558 1001 2598 γὰρ
1029 2556 1133 2587 ἐκεῖνο
1168 2555 1272 2594 δῆΧον
1297 2557 1340 2593 ὡς
1364 2555 1506 2597 διαφέρει
1531 2557 1591 2587 τοῦ
1615 2557 1702 2587 κατὰ
1725 2556 1789 2594 τήν

167 2625 328 2663 αἴσθησιν
351 2625 596 2664 θεωρουμένου,
626 2624 794 2664 ἀναλογίᾳ
820 2622 851 2654 δὲ
877 2623 919 2664 τῇ
942 2621 1032 2662 αὐτῇ
1055 2621 1241 2661 κέχρηται).
1278 2619 1351 2658 Sed,
1375 2630 1448 2651 cum
1472 2619 1525 2650 hie
1549 2617 1701 2651 Lucretio
1715 2628 1789 2659 pro·

166 2687 236 2729 prie
256 2698 320 2719 non
345 2687 388 2719 sit
409 2687 500 2719 locus
523 2687 562 2718 de
586 2690 768 2718 atomorum
791 2685 894 2717 forma
916 2683 1087 2721 tractandi,
1112 2683 1198 2725 quod
1221 2687 1333 2724 postea
1355 2693 1414 2714 suo
1436 2682 1510 2714 loco
1531 2681 1566 2714 in
1589 2681 1646 2713 lib.
1672 2681 1709 2713 ΙΙ
1732 2681 1791 2713 ubi

167 2751 206 2782 de
229 2750 378 2782 sensibus
401 2749 490 2791 agit,
522 2748 654 2781 uberius
678 2748 756 2779 facit
770 2772 777 2786 ,
813 2746 895 2778 mihi
918 2751 1064 2784 constat,
1097 2756 1170 2778 eum
1194 2745 1247 2777 hic
1270 2750 1393 2778 atomos
1417 2745 1528 2787 quales
1551 2744 1714 2786 Epicurus
1736 2754 1789 2776 eas

168 2813 351 2854 depinxerit
365 2838 372 2852 ,
397 2813 437 2845 ob
461 2812 571 2844 oculos
594 2807 769 2850 habuisse,
794 2810 909 2842 deinde
934 2814 971 2842 ut
994 2809 1143 2850 saepius,
1168 2810 1207 2841 de
1229 2809 1270 2841 iis
1292 2813 1459 2851 tamquam
1483 2809 1521 2840 de
1544 2817 1578 2839 re
1600 2811 1677 2839 nota
1698 2806 1788 2840 locu·

167 2879 239 2907 tum
261 2885 341 2907 esse.
388 2875 437 2907 Cf.
464 2875 503 2914 Ι,
530 2876 602 2908 749.

210 2939 236 2978 3)
283 2937 336 2970 Ita
357 2941 443 2969 recte
469 2937 595 2970 codices
616 2941 649 2969 et
674 2936 855 2975 Mumous,
880 2934 1014 2967 Lachm.
1038 2937 1071 2966 et
1094 2934 1190 2966 Bern.
1215 2935 1333 2965 multas.

211 3001 238 3044 ⁴)
288 3001 420 3033 Lachm.
445 3006 478 3032 et
502 3001 597 3033 Bern.
621 3000 703 3032 mihi
718 2999 872 3031 videntur
895 3008 1017 3030 errasse
1041 2997 1077 3028 in
1100 2997 1308 3029 emendandis
1329 2996 1419 3028 codd.
1438 2995 1598 3027 Mum-ons
1613 2994 1701 3027 solus
1716 3004 1788 3036 per·
