1894 3235
906 137 958 178 85

135 268 349 322 vallum”‚
395 269 647 324 praeoedere
695 269 848 310 debent
893 284 952 310 VS.
989 271 1067 310 145
1101 282 1212 324 seqq.
1236 272 1286 322 ¹),
1334 268 1406 309 ubi
1444 268 1548 310 haec
1576 269 1746 310 uberius

135 350 366 387 tractantur
412 351 453 387 et
498 347 649 402 partim
691 347 977 388 emendantur.
1038 346 1231 401 Denique
1263 360 1323 386 vs.
1362 347 1444 387 225
1477 360 1587 401 seqq.
1621 347 1746 401 aptis-

134 423 227 463 simi
258 430 380 472 sunt,
414 424 484 479 qui
515 425 737 465 transitum
767 424 919 465 faciant
950 423 1002 464 ad
1032 438 1092 464 vs.
1130 425 1221 464 143.
1288 423 1363 464 Vs.
1397 425 1477 464 216
1510 424 1622 464 enim
1652 438 1746 464 con-

135 500 266 541 cludit
310 506 434 556 poeta
470 515 553 542 esse
583 502 827 553 simulacra,
876 516 935 541 vs.
970 502 1050 541 227
1084 514 1133 541 ea
1162 505 1377 555 perpetuo
1409 501 1520 541 mitti
1551 514 1573 541 e
1604 515 1746 556 corpo-

132 578 272 631 ribus,
304 593 362 619 vs.
390 580 467 619 143
500 579 684 634 explicat
716 589 871 634 quanta
901 579 1115 619 celeritate
1148 578 1348 618 oriantur.
1409 578 1574 619 Horum
1604 584 1744 619 autem

133 655 367 696 consecutio
398 655 432 695 si
462 656 557 696 talis
589 660 672 709 est,
705 661 938 707 ceterorum
971 655 1068 696 ordo
1099 655 1196 695 inde
1228 656 1427 711 sequitur.

188 731 254 772 De
285 732 498 773 eeleritate
529 738 761 774 atomorum
791 733 998 788 Epicurus
1030 732 1129 773 dieit-
1145 735 1199 781 2);
1233 735 1441 788 χρήσιμον
1464 731 1512 782 ’δὴ
1535 737 1744 775 καὶτοῦτο

175 912 199 952 ¹)
253 914 377 944 Vitrnm
420 924 494 944 oum
538 914 647 945 Munr.
690 914 763 955 lego
807 925 864 955 pro
898 919 1013 946 vestem..
1072 914 1217 955 Briegeri
1251 914 1508 946 emendationem
1545 925 1658 946 versus
1684 917 1744 949 197

134 973 265 1015 (Phssol.
300 974 433 1006 XXIX.
471 987 544 1017 pag.
581 978 655 1018 437)
691 977 826 1017 probare
859 988 925 1008 non
947 988 1096 1018 possum:
1132 988 1198 1009 non
1221 977 1315 1009 video
1342 988 1400 1009 cur
1423 980 1555 1017 „quavis
1577 982 1746 1018 penetrare

133 1042 252 1078 queant
283 1039 333 1068 δι”
358 1050 423 1070 non
446 1050 522 1071 vero
544 1043 690 1080 „qzmsw's
713 1041 781 1071 ταδ’
807 1045 983 1081 penetrare.

174 1100 200 1140 2)
247 1100 288 1131 D.
324 1101 362 1132 L.
399 1102 440 1132 X.
474 1105 524 1136 47.
570 1103 677 1134 Verba
698 1103 798 1135 haec:
833 1104 999 1144 χρήσιμον
1023 1104 1062 1142 δὴ
1087 1105 1140 1134 καὶ
1165 1105 1265 1135 τοῦτο
1289 1106 1473 1145 κατασχεῖν
1497 1107 1535 1136 τὸ
1559 1107 1743 1145 στοιχεῖον,

130 1163 204 1201 ἤτοι
237 1164 289 1195 ὅτι
322 1165 363 1195 τὰ
392 1164 510 1195 εἷὸιιΛα
546 1168 620 1202 ταῖς
659 1167 863 1204 λεπτότησιν
893 1165 1166 1206 ἀνυπερβλήτοις
1190 1166 1352 1206 κέχρηται
1378 1174 1384 1181 ·
1408 1163 1433 1207 ᾦ
1457 1166 1562 1205 μηὲὲν
1586 1166 1745 1206 ἀντιμαρ-

130 1228 222 1265 τυρεῖ
253 1229 322 1258 τῶν
355 1228 561 1268 φαινομένων
588 1236 595 1243 “
621 1228 642 1267 ἣ
665 1229 716 1260 ὅτι
739 1230 791 1259 καὶ
817 1228 903 1268 τάχη
928 1227 1175 1268 ἀνυπέρβλητα
1199 1228 1265 1269 ἔχει
1287 1229 1402 1260 πάντα
1427 1228 1533 1268 πόρον
1557 1227 1746 1269 σύμμετρον

128 1288 249 1329 ἔχοντα
275 1291 360 1330 πρὸς
384 1291 431 1330 τῷ
454 1291 582 1331 ἀπείρῳ
606 1292 720 1322 αὐτῶν
742 1292 848 1331 μηὲὲν
873 1293 1087 1323 ἀντικόπτειν
1112 1291 1130 1329 ἢ
1155 1290 1240 1333 ὀλίγ’
1267 1292 1502 1329 ἀντικόπτειν,
1536 1292 1686 1327 πολλαῖς
1711 1290 1742 1322 δὲ

132 1353 184 1382 καὶ
217 1353 366 1394 ἀπείροις
399 1354 499 1390 {heag-
533 1355 748 1385 ἀντικόπτειν
782 1366 814 1385 τι
844 1377 851 1392 ,
875 1353 969 1394 plura
991 1353 1178 1391 continent,
1203 1363 1285 1394 quae
1308 1354 1506 1384 emendanda
1529 1358 1615 1384 sunt.
1662 1353 1745 1384 Cum

133 1414 329 1447 Schneidero
352 1420 384 1447 et
406 1416 576 1448 Ambrosio
601 1416 772 1457 („perutile
795 1420 843 1448 est
865 1422 963 1446 (ιιιῖιηι
988 1421 1020 1447 et
1042 1416 1102 1447 hoc
1126 1416 1270 1457 tenere'‘)
1295 1427 1362 1447 non
1385 1416 1610 1457 corrigendum
1632 1420 1681 1447 est
1703 1416 1743 1455 δὴ

130 1478 166 1509 in
189 1477 232 1509 δὲ.
265 1478 344 1510 Post
365 1479 496 1510 brevem
518 1479 605 1510 enim
628 1479 888 1520 explanationem
904 1480 942 1510 de
958 1479 1116 1510 tenuitate
1133 1483 1163 1510 et
1180 1484 1272 1510 motu
1287 1489 1344 1519 per
1360 1489 1503 1509 vacuum
1520 1478 1565 1509 sic
1582 1478 1745 1510 concludit

130 1540 310 1580 Epicurus:
342 1541 480 1581 perutile
503 1546 552 1573 est
573 1541 676 1582 igitur
698 1547 729 1572 et
752 1541 812 1573 hoe
838 1541 950 1582 (τοῦτο
975 1541 1033 1572 Kr.
1058 1541 1112 1572 Gr.
1141 1539 1154 1579 ᾧ
1180 1543 1239 1579 51,
1275 1542 1290 1573 7
1310 1542 1339 1571 A
1357 1540 1389 1582 3)
1407 1546 1515 1571 tenere
1531 1540 1742 1579 elementum,

128 1615 244 1645 nempe
279 1609 348 1645 (pro
380 1604 527 1636 codicum
548 1604 686 1636 lection(¹
709 1605 767 1636 εἶτ’
792 1605 965 1645 legendum
988 1609 1036 1635 est
1060 1605 1132 1642 ἤτοι
1157 1616 1195 1632 z
1220 1607 1334 1643 nempe)
1360 1604 1446 1645 quod
1470 1606 1548 1649 (non
1570 1603 1665 1634 video
1687 1614 1745 1634 our

131 1668 182 1700 ὅτι
215 1667 267 1698 hic
302 1669 447 1707 quoniam
471 1667 654 1708 significare
686 1668 819 1705 debeat,
852 1678 927 1698 cuni
948 1672 1059 1697 tamen
1080 1666 1115 1697 in
1138 1665 1234 1697 initio
1259 1667 1272 1707 ξ
1297 1668 1336 1697 48
1361 1666 1419 1697 ubi
1442 1667 1480 1697 de
1504 1667 1615 1697 eodem
1638 1666 1738 1698 verbo

129 1731 311 1770 κατασχεῖν
342 1729 481 1769 pendet,
519 1740 576 1770 per
598 1731 681 1769 quod
701 1734 859 1769 vertatur}
886 1728 1057 1759 simulacra
1080 1727 1295 1759 tenuitatibus
1320 1727 1454 1758 summis
1477 1732 1616 1758 utuntur
1640 1728 1742 1769 (quod

128 1801 186 1832 per
207 1791 401 1832 epexegesin
422 1802 534 1823 rursus
557 1791 718 1832 explicat,
742 1792 783 1823 ad
803 1792 1051 1823 fundamentum
1072 1790 1173 1822 totius
1196 1790 1266 1822 eius
1287 1790 1411 1831 logicae
1435 1790 1514 1822 artis
1536 1790 1570 1821 id
1585 1790 1741 1828 referens,

130 1865 246 1896 nempe
279 1855 313 1886 id
346 1865 460 1886 verum
491 1865 559 1886 esse
582 1856 669 1896 quod
691 1855 838 1887 sensibus
860 1855 1015 1896 probatur
1037 1859 1094 1885 aut
1116 1865 1181 1886 non
1203 1853 1376 1893 refellitur)
1401 1853 1454 1884 cui
1475 1853 1560 1884 nihil
1581 1863 1620 1884 ex
1643 1863 1740 1893 appa-

128 1917 276 1948 rentibus
298 1917 495 1956 reclamitat,
522 1918 591 1958 (pro
614 1919 634 1958 ἢ
657 1920 708 1951 ’ότι
732 1921 785 1950 καὶ
810 1929 884 1950 cum
909 1917 1104 1949 Schneidero
1126 1917 1198 1957 lege
1221 1918 1276 1949 καὶ
1298 1918 1349 1949 ὅτι
1372 1918 1438 1954 καὶ)
1455 1920 1525 1947 tum
1541 1915 1639 1947 etiam
1655 1916 1741 1957 quod

130 1980 309 2012 celeritates
343 1980 464 2012 habent
496 1980 730 2021 insuperabiles
744 2006 751 2019 ‚
786 1981 983 2022 ubicumque
1013 1980 1187 2012 transitum
1209 1984 1321 2020 aptum
1343 1979 1497 2010 habentia
1523 1980 1592 2019 (pro
1625 1979 1739 2011 πάντα

127 2044 240 2075 malim
263 2047 377 2083 πάντη
393 2044 462 2075 sive
480 2045 593 2086 πάντῃ
611 2056 618 2083 ;
642 2044 750 2076 Lucr.:
773 2048 807 2075 ut
824 2044 955 2085 quasvis
971 2049 1138 2084 penetrare
1155 2047 1275 2084 queant
1288 2053 1356 2073 res:
1382 2041 1562 2073 versionem
1577 2047 1740 2080 „meatum

128 2106 312 2138 modicum'’
337 2118 403 2139 non
424 2107 550 2148 probo).

172 2169 263 2206 Quae
285 2174 356 2202 tum
379 2174 560 2211 sequuntur
580 2180 647 2201 non
668 2169 843 2211 intell2>g03
869 2169 947 2211 quid
969 2172 1018 2200 est
1041 2172 1078 2202 τὸ
1101 2170 1240 2210 ἄπειρον
1256 2169 1370 2201 αὐτῶν
1389 2168 1570 2209 (εἰδώλων),
1587 2167 1641 2198 cui
1655 2166 1739 2198 nihil

128 2233 182 2264 vel
202 2243 306 2273 pauca
327 2224 512 2264 resistunt?
535 2243 598 2274 quo
620 2233 824 2264 referendum
847 2237 895 2264 est
916 2232 999 2263 illud
1029 2232 1205 2269 πολλαῖςὲ
1239 2232 1281 2262 ad
1306 2236 1471 2263 atomosne
1493 2241 1567 2262 cum
1583 2231 1621 2262 de
1637 2230 1738 2261 simu-

127 2295 224 2327 laeris
255 2306 358 2327 sermo
392 2295 460 2327 sit?
493 2295 631 2327 Videtur
663 2295 745 2326 mihi
767 2295 977 2336 philosophus
999 2295 1059 2326 hoc
1083 2294 1210 2325 dicere:
1246 2293 1402 2335 quamdiu
1423 2293 1459 2324 in
1482 2292 1610 2324 infinito
1635 2293 1739 2333 spatio

127 2358 247 2399 partim
279 2369 383 2391 vacuo
404 2359 522 2400 partim
545 2369 617 2390 aere
639 2359 761 2399 repleto
784 2363 946 2399 vagantur
968 2357 1159 2396 simulacra,
1194 2357 1277 2388 nihil
1300 2357 1353 2388 vel
1374 2367 1478 2397 pauca
1499 2356 1540 2387 iis
1562 2356 1735 2388 resistent:

129 2432 203 2453 cum
236 2426 345 2453 autem
378 2423 418 2453 ad
450 2427 568 2453 terram
592 2427 751 2454 venerunt
773 2421 884 2453 statim
906 2421 1017 2452 multis
1040 2421 1135 2452 rebus
1158 2420 1403 2460 refringuntur:
1440 2420 1544 2450 multa
1566 2419 1739 2450 simulacra

128 2495 185 2525 per
215 2484 357 2525 spatium
390 2484 499 2516 statim
522 2485 563 2516 ad
585 2484 694 2516 oculos
715 2488 906 2525 penetrant:
940 2483 1003 2514 alia
1025 2483 1297 2523 tamen‘primum
1319 2482 1543 2523 refringuntur
1564 2482 1618 2513 vel
1641 2481 1738 2513 etiam

128 2556 166 2578 eo
188 2546 257 2587 ipso
279 2547 320 2577 ad
343 2546 452 2578 oculos
474 2557 539 2578 non
553 2546 757 2587 perveniunt.
804 2547 876 2578 Hoc
898 2546 1009 2587 itaque
1029 2546 1135 2587 legere
1151 2546 1270 2577 velim:
1297 2545 1348 2577 διὰ
1365 2548 1402 2578 τὸ
1426 2547 1462 2578 ἐν
1478 2547 1603 2588 ἀπείρῳ
1621 2546 1738 2583 αὐτοῖς

127 2611 232 2650 μηθὲν
255 2610 470 2642 ἀντικόπτειν
494 2611 514 2649 ἢ
538 2609 620 2652 ὀλίγ’
643 2611 859 2642 ἀντικόπτειν
884 2610 1013 2651 (ἄλλοις
1037 2609 1069 2641 δὲ
1092 2611 1147 2641 καὶ
1169 2611 1318 2650 ἀπείροις
1342 2609 1442 2645 εὐὲὑς
1465 2610 1658 2641 ἀντικόπτει
1681 2608 1736 2649 τι.)

172 2671 262 2708 Quae
294 2673 510 2713 praecedunt:
551 2674 590 2704 οὐ
621 2674 688 2714 μὴν
721 2673 789 2705 οὐδ’
816 2674 883 2713 ἅμα
907 2675 992 2704 κατὰ
1017 2673 1096 2710 τοὺς
1118 2672 1170 2704 διὰ
1193 2673 1297 2714 λόγου
1321 2673 1508 2713 θεωρητοὺς
1530 2672 1675 2713 χρόνους
1699 2675 1736 2704 τὸ

129 2736 218 2768 κάτω
241 2737 417 2777 φερόμενον
441 2739 536 2777 σῶμα
563 2735 680 2776 (Steph
697 2758 703 2765 .
722 2737 807 2767 κατὰ
830 2736 867 2767 τὸ
891 2737 1069 2776 φερόμενον
1092 2739 1204 2776 σῶμα,
1239 2735 1330 2766 Gass.
1355 2735 1491 2766 coniecit
1514 2737 1551 2768 τὸ
1575 2736 1735 2767 ἀντικοπ-

129 2800 267 2838 τόμενον
300 2798 406 2838 σῶμα)
439 2798 493 2829 ἐπὶ
526 2797 663 2835 πλείους
686 2799 812 2835 τόπους
836 2799 1043 2840 ἀφικνεῖται“
1066 2798 1270 2836 ἀδιανόητον
1292 2799 1355 2839 γὰρ
1380 2799 1434 2829 καὶ
1456 2800 1555 2830 τοῦτο
1579 2806 1736 2835 συναφικ-

129 2861 293 2902 νούμενον
326 2861 362 2893 ἒν
396 2860 548 2901 αἰσθητῷ
578 2861 690 2902 χρόνῳ
721 2860 926 2899 ὁὲενδὴποτε
960 2863 1019 2893 τοῦ
1057 2859 1205 2902 α’πείρου.
1229 2861 1260 2896 ἐξ
1286 2859 1323 2891 οὗ
1347 2862 1409 2902 γὰρ
1433 2861 1476 2892 ἂν
1499 2861 1737 2902 περιλαβωμεν

131 2926 195 2963 τὴν
217 2926 322 2966 φορὰν
344 2926 450 2957 τόπου
473 2924 567 2956 ἔσται
589 2923 816 2965 (ἐφιστάμενον
832 2932 838 2939 ”
852 2923 1018 2966 ἀντικοπῇ
1041 2926 1105 2966 γὰρ
1129 2924 1243 2963 ὅμοιον
1264 2924 1358 2955 ἔσται
1380 2923 1446 2955 κᾶν
1461 2923 1558 2965 μέχρι
1574 2924 1736 2956 τοσούτου

133 2986 261 3028 (Steph.
296 2987 418 3019 τούτου
441 2986 559 3018 Iunius
581 2985 616 3017 in
639 2986 834 3026 exemplari,
868 2987 955 3028 quod
977 2990 1025 3018 est
1046 2986 1081 3016 in
1102 2985 1250 3017 biblioth.
1275 2986 1379 3027 Lugd.
1403 2996 1463 3017 sua
1483 2996 1583 3018 manu
1605 2997 1622 3018 e
1644 2987 1734 3019 codd.
