1894 3235
859 123 912 162 63

82 255 165 295 ris:
225 254 432 310 Epicurus
478 254 516 294 ei
562 254 753 295 attribuit
799 257 875 304 τὴν
907 257 1156 310 φαινομένην
1188 257 1423 310 θερμότητα
1455 259 1528 296 τοῦ
1560 255 1697 307 σώμα-

81 347 181 385 τος,
223 346 324 372 aura
355 336 417 372 est
450 345 587 372 comes
617 330 795 384 frigidae
826 331 1070 372 formidinis.
1131 331 1338 387 Epicurus
1369 335 1511 372 autem
1534 335 1692 385 πνεῦμα

81 409 180 450 dicit
211 409 373 450 efficere
405 412 588 462 κίνησιν,
636 422 691 448 ex
737 422 833 449 aere
874 410 1059 450 nascitur
1090 413 1265 464 pacatus
1298 410 1369 450 ille
1402 409 1530 450 animi
1561 413 1694 449 status

80 489 243 542 ἠρεμία;
277 490 424 541 quarta
453 486 621 526 nomine
655 500 805 526 vacans
836 501 930 541 pars
962 501 1160 528 sensuum
1184 492 1246 528 est
1269 501 1414 540 causa,
1448 489 1602 539 ἐμποιεῖ
1617 489 1693 536 τὴν

80 567 122 605 ὲν
154 565 250 616 ἡμῖν
282 565 489 612 αἴσθησιν.
550 563 600 603 111
647 564 738 604 aliis
785 564 1029 604 animalium
1075 565 1299 618 generibus
1340 564 1455 605 aliud
1486 568 1693 618 tempera-

78 645 267 681 mentum
297 641 538 695 praevalere
571 640 720 681 deinde
762 641 943 681 ostendit
990 646 1125 696 poeta.
1197 642 1247 682 In
1294 641 1463 682 homine
1506 641 1693 681 doctrina

78 718 208 772 polito
238 723 412 773 possunt
443 718 668 772 temperari
701 718 932 773 quaedam,
965 719 1024 759 ita
1054 723 1100 759 ut
1132 719 1312 773 vestigia
1332 719 1578 774 linquantur
1600 732 1692 773 par-

78 796 198 849 vola,
239 810 323 837 non
354 802 496 837 tamen
527 801 701 851 possunt
731 796 932 837 radicitus
963 797 1074 837 mala
1106 797 1258 849 evelli,
1303 796 1413 852 quod
1445 801 1586 837 tamen
1616 796 1692 836 im-

76 873 220 928 pedire
252 888 335 914 non
366 878 516 929 potest,
550 874 770 929 quominus
807 874 1001 928 „dignam
1034 873 1095 914 dis
1128 873 1282 928 degant
1312 873 1467 914 vitam'’
1487 872 1689 914 homines.

77 951 274 992 Ceterum
310 966 471 1005 „nunc,
518 953 654 1008 inquit
695 956 845 1007 poeta,
892 966 1055 1007 nequeo
1104 966 1249 992 caecas
1299 965 1512 1006 exponere
1545 965 1692 992 causas

75 1043 152 1070 nec
182 1030 366 1085 reperire
397 1030 625 1084 figurarum
648 1035 708 1070 tot
730 1030 917 1083 nomina,
941 1034 1040 1085 quot
1063 1034 1159 1070 sunt
1182 1029 1421 1084 principiis,
1453 1028 1564 1069 unde
1586 1028 1690 1069 haec

75 1107 208 1148 oritur
237 1108 444 1148 variantia
473 1109 656 1149 rerum.'’
690 1109 930 1149 258—322.

131 1185 253 1233 Quod
298 1186 494 1241 quoniam
524 1186 584 1226 ita
613 1185 753 1240 posuit
784 1190 927 1240 poeta,
970 1185 1110 1240 pergit
1150 1183 1375 1225 ostendens
1406 1197 1487 1239 quo
1518 1183 1686 1224 vinculo

74 1262 142 1304 hic
172 1263 334 1304 animus
366 1277 459 1304 011111
491 1277 662 1318 001Ρο1·0
694 1263 748 1303 sit
765 1263 1022 1304 coniunctus.
1085 1262 1244 1317 Corpus
1265 1262 1450 1302 animum
1473 1261 1687 1302 continet:

73 1341 237 1381 animus
267 1347 409 1382 autem
441 1341 624 1396 corporis
656 1346 718 1382 est
741 1346 878 1382 custos
901 1346 942 1381 et
964 1354 1087 1381 causa
1108 1340 1253 1380 salutis
1273 1354 1280 1380 :
1317 1353 1438 1391 „nam
1461 1339 1690 1379 communi-

72 1418 149 1459 bus
188 1419 296 1459 inter
337 1433 380 1459 se
425 1419 635 1459 radicibus
680 1418 856 1459 haerent
896 1432 973 1459 nec
1019 1418 1109 1458 31110
1154 1417 1339 1472 pernicie
1387 1417 1529 1457 divelli
1566 1429 1689 1471 posse

70 1496 293 1537 videntur’'
321 1498 375 1550 ¹),
408 1511 488 1552 quo
520 1497 687 1537 vinculo
728 1497 812 1537 iam
856 1496 965 1536 inter
1007 1510 1049 1536 se
1096 1495 1228 1549 ligata
1273 1499 1369 1535 sunt
1405 1508 1484 1547 „ex
1515 1495 1689 1535 ineunte

71 1588 203 1627 aevo,
249 1575 449 1615 maternis
495 1575 621 1615 etiam
668 1574 866 1614 membris
907 1574 1083 1629 alvoque
1116 1572 1323 1628 reposta”.
1343 1575 1375 1625 2)
1409 1572 1570 1627 Corpus
1601 1572 1690 1613 sine

71 1653 209 1693 animo
243 1653 396 1693 sentire
428 1666 512 1692 non
543 1656 681 1707 potest
711 1665 848 1707 neque
880 1652 1007 1692 etiam
1039 1651 1202 1691 animus
1234 1651 1322 1691 sine
1355 1664 1561 1705 corpore:
1594 1664 1689 1691 con-

69 1729 212 1771 iuncta
240 1729 527 1770 tantummodo
560 1729 720 1770 vivunt.
743 1727 774 1779 3)
807 1729 866 1769 At
897 1729 1070 1770 fortasse
1103 1732 1237 1781 erunt,
1261 1729 1331 1783 qui
1354 1727 1516 1768 dicant:
1540 1741 1690 1768 revera

69 1812 132 1849 est
161 1808 323 1849 animus
350 1822 425 1863 per
455 1812 590 1849 totum
622 1822 771 1863 corpus
803 1808 972 1848 dissitus
1003 1812 1044 1848 et
1076 1812 1164 1849 arte
1197 1821 1291 1848 cum
1323 1820 1371 1847 eo
1403 1807 1582 1861 ligatus,
1615 1806 1688 1847 sed

69 1890 210 1927 tamen
251 1886 327 1926 tibi
365 1886 463 1926 dare
499 1900 584 1926 non
623 1899 866 1940 possumus,
912 1899 1062 1940 corpus
1093 1898 1258 1940 quoque
1291 1884 1479 1938 sentire3
1513 1889 1687 1937 contra,

69 1963 232 2004 animus
263 1964 374 2004 solus
404 1963 532 2004 sentit
564 1967 605 2004 et
636 1977 786 2018 corpus
816 1962 922 2003 nihil
954 1967 1018 2004 est
1045 1977 1169 2018 quam
1191 1963 1544 2015 instrumentum,
1577 1961 1687 2018 quod

68 2055 238 2096 prorsus
283 2041 395 2082 omni
441 2055 566 2082 sensu
611 2044 736 2082 caret.
798 2041 864 2081 Ita
910 2040 1145 2081 dicentibus
1180 2040 1405 2095 respondet
1435 2040 1686 2081 Lucretius:

69 2134 163 2160 cum
194 2134 342 2175 corpus
372 2133 456 2160 non
488 2119 642 2160 sentire
674 2119 833 2171 velitis,
865 2118 938 2159 sed
969 2118 1102 2159 solum
1134 2118 1320 2158 animum
1341 2131 1416 2172 per
1438 2121 1573 2158 totum
1601 2132 1687 2158 001·-

68 2214 145 2255 pus
162 2199 365 2253 dissitum,
387 2200 571 2254 graviter
591 2198 785 2240 fallimini
803 2202 844 2239 et
866 2198 958 2250 „vel
979 2197 1220 2238 manifestas
1238 2210 1304 2237 res
1319 2200 1463 2237 contra
1484 2209 1687 2251 verasque

67 2277 389 2332 repugnat(is')”.
435 2277 548 2318 Dum
580 2277 744 2318 animus
786 2276 829 2316 in
861 2289 1031 2330 corpore
1065 2278 1150 2327 est,
1182 2275 1319 2329 ipsum
1350 2287 1499 2328 corpus
1531 2274 1687 2327 sentit,

69 2355 238 2396 dimissa
254 2360 394 2396 autem
411 2355 552 2396 anima
569 2368 719 2410 corpus
737 2357 851 2394 caret
867 2352 1052 2407 undique
1070 2365 1207 2392 sensu.
1231 2351 1311 2399 Qui
1328 2354 1482 2404 autem,
1503 2351 1688 2406 exempli

68 2433 231 2487 gratia,
278 2433 421 2474 dicunt
467 2432 608 2474 oculos
648 2446 731 2472 non
770 2431 937 2483 videre,
970 2430 1043 2471 sed
1072 2430 1259 2471 animum
1289 2442 1365 2484 per
1396 2442 1465 2469 eos
1496 2432 1686 2483 spectare

68 2514 281 2566 tamquam
297 2524 372 2566 per
393 2510 518 2564 fores,
541 2510 726 2565 graviter
746 2512 906 2550 errant:
930 2522 1027 2549 nam
1048 2507 1082 2548 si
1103 2507 1211 2548 oculi
1233 2510 1396 2547 tantum
1413 2505 1522 2547 fores
1545 2509 1686 2547 essent

113 2728 136 2768 ¹)
182 2727 237 2759 Vs.
264 2729 336 2758 324.

111 2790 134 2826 2)
180 2789 236 2821 Vs.
261 2791 332 2820 346.

111 2852 135 2892 3)
182 2851 237 2883 Vs.
250 2852 407 2882 323-50.
431 2849 490 2881 Vs.
505 2851 565 2881 350
576 2849 732 2890 legendus
748 2853 797 2881 est
811 2861 817 2880 :
843 2850 951 2891 „quod
967 2860 1063 2889 super
1078 2852 1137 2886 est,
1152 2847 1254 2889 siquis
1270 2856 1385 2887 corpus
1402 2845 1520 2878 sentire
1536 2851 1661 2878 renutat
1675 2856 1683 2878 :

69 2916 211 2956 refutat,
234 2915 320 2956 quod
342 2915 375 2945 in
398 2914 488 2945 codd.
511 2913 650 2954 legitur,
682 2923 756 2944 cum
779 2912 1050 2954 significationem
1072 2910 1241 2944 refellendi
1264 2910 1364 2951 vulgo
1386 2909 1524 2949 habeat,
1552 2920 1684 2942 sensum

69 2977 200 3018 praebet
221 2977 328 3009 minus
351 2976 540 3008 dilucidum.
