1894 3235
1006 175 1031 214 6

210 322 316 364 quae
365 308 441 361 „de
487 322 628 350 rerum
660 307 836 350 natura'’
870 308 1152 364 scripserunt,
1198 323 1282 351 non
1323 310 1423 352 artis
1453 310 1669 353 vocabulis
1699 311 1827 366 vulgo

209 385 364 440 ignotis
395 385 680 438 tradiderunt,
713 385 786 426 sed
817 398 890 425 suo
922 398 1112 427 sermone
1145 386 1400 442 quotidiano.

267 464 381 506 Ante
413 478 557 506 omnes
588 478 709 521 porro
741 478 886 505 causas
916 463 1020 506 haec
1050 466 1321 507 memoranda
1352 470 1442 519 est,
1481 465 1591 522 quod
1621 465 1828 522 Epicurus

210 543 384 600 eiusque
422 543 614 598 discipuli
646 542 954 598 pollicebantur
984 557 1026 584 se
1058 543 1233 599 physica
1265 544 1454 586 doctrina
1485 545 1646 586 animos
1678 558 1703 586 a
1734 545 1830 587 deo-

208 636 301 662 rum
340 621 568 677 mortisque
614 624 730 662 metu
776 620 1026 662 liberaturos
1073 635 1176 663 esse.
1243 621 1468 675 „Omnium
1515 627 1657 664 autem
1688 636 1829 664 rerum

212 703 363 741 natura
409 699 577 753 cognita
621 699 812 740 levamur
857 698 1179 754 superstitione,
1225 699 1452 742 liberamur
1497 701 1643 742 mortis
1669 704 1830 753 ⁴metu,

211 789 295 817 non
340 775 638 817 conturbamur
679 775 942 829 ignoratione
984 789 1153 828 rerum,
1202 789 1223 816 e
1255 791 1337 832 qua
1367 776 1458 832 ipsa
1487 776 1711 818 horribiles
1743 776 1831 818 exi-

213 857 327 894 stunt
348 867 473 908 saepe
495 852 738 894 formidines
756 868 765 906 3
799 852 978 908 denique
1003 853 1131 893 etiam
1152 854 1303 894 morati
1323 854 1473 895 melius
1496 855 1672 908 erimus,
1704 868 1832 910 quum

214 931 509 984 didicerimus,
542 930 642 986 quid
672 934 822 972 natura
854 930 1088 971 desideret'’
1113 928 1149 983 ¹).
1213 930 1308 971 Hoc
1338 931 1560 986 plerosque
1591 931 1831 973 alliciebat:

213 1023 310 1050 nam
350 1009 488 1063 gravis
530 1008 794 1064 opprimebat
825 1009 985 1050 animos
1017 1009 1258 1064 superstitio
1283 1008 1312 1062 2)
1344 1012 1386 1050 et
1417 1008 1578 1050 Romae
1609 1009 1721 1050 idem
1752 1009 1833 1051 fac-

215 1090 306 1127 tum
338 1089 419 1139 est,
452 1085 562 1142 quod
592 1085 636 1126 in
659 1085 838 1127 Graecia
860 1090 986 1142 atque
1017 1085 1256 1141 ubicunque
1280 1090 1445 1127 veteres
1465 1100 1602 1127 mores
1624 1091 1665 1128 et
1686 1087 1834 1142 religio

216 1168 258 1205 et
301 1164 439 1205 cultus
471 1164 704 1219 potentiam
736 1178 853 1205 suam
885 1164 928 1204 in
958 1163 1176 1205 hominum
1207 1164 1369 1205 animos
1399 1164 1629 1205 amiserunt
1660 1168 1702 1206 et
1731 1178 1835 1220 pug-

215 1245 318 1283 nant
363 1255 458 1282 cum
504 1241 595 1282 aliis
641 1241 761 1282 novis
803 1241 1069 1296 opinionibus
1111 1245 1153 1282 et
1209 1241 1409 1282 doctrinis
1464 1240 1833 1297 philosophorum:

217 1320 370 1375 vulgus
401 1319 643 1375 turpissima
673 1320 971 1375 superstitione
1001 1319 1197 1372 vincitur,
1230 1332 1324 1360 cum
1351 1319 1395 1359 in
1416 1318 1517 1360 duas
1548 1323 1688 1375 partes
1708 1319 1836 1361 ceteri

220 1397 440 1440 discedunt
486 1398 621 1451 cives,
669 1412 844 1453 quarum
885 1398 1019 1439 altera
1048 1398 1091 1438 in
1123 1396 1268 1438 officiis
1299 1396 1514 1438 servandis
1545 1401 1587 1438 et
1617 1397 1837 1438 sanctitate

221 1476 569 1532 tranquillitatem
601 1476 765 1531 quaerit
796 1475 952 1528 animi,
999 1480 1047 1516 ut
1080 1475 1236 1528 Stoici,
1280 1475 1413 1516 altera
1458 1488 1557 1516 vero
1588 1475 1711 1530 plane
1743 1489 1838 1516 con-

222 1554 373 1595 temnit
406 1567 573 1594 omnem
604 1553 851 1607 religionem
883 1552 1126 1608 cultumque
1149 1551 1322 1593 deorum
1343 1566 1513 1607 prorsus
1544 1552 1760 1606 neglegit,
1792 1555 1838 1592 ut

222 1631 420 1687 Epicurei
443 1632 484 1684 ³).
545 1631 774 1672 Praeterea
821 1630 983 1671 Romae
1030 1629 1255 1684 imprimis,
1302 1629 1374 1670 ubi
1421 1629 1570 1683 religio
1617 1643 1711 1670 cum
1752 1631 1839 1669 tota

221 1711 309 1752 vita
354 1709 584 1751 arctissime
617 1712 706 1751 erat
738 1709 972 1761 coniuncta,
1004 1707 1082 1749 hoc
1115 1721 1219 1748 onus
1251 1707 1543 1762 gravissimum
1574 1707 1739 1749 abicere
1770 1721 1839 1748 cu-

222 1789 422 1845 piebant,
470 1787 581 1844 quod
626 1791 712 1828 tam
759 1786 831 1827 diu
872 1787 1058 1827 omnium
1089 1786 1250 1828 animos
1281 1790 1556 1841 oppresserat.
1617 1785 1839 1827 Lucretius

223 1867 314 1923 ipsc
346 1866 454 1908 hanc
487 1879 655 1907 causam
687 1864 832 1918 affert,
865 1878 938 1906 cur
969 1864 1200 1920 Epicurum
1231 1868 1349 1905 tanta
1378 1864 1536 1919 pietate
1568 1864 1702 1906 colat:

394 1943 596 1985 Humana
626 1947 724 1984 ante
755 1942 896 1984 oculos
928 1941 1048 1983 foede
1081 1955 1175 1983 cum
1207 1941 1296 1982 vita
1326 1941 1484 1983 iaceret

396 2021 440 2063 in
470 2021 593 2062 terris
624 2034 823 2077 oppressa
853 2020 971 2076 gravi
1003 2019 1079 2061 sub
1110 2019 1340 2074 religione,

396 2114 503 2156 quae
535 2103 661 2156 caput
691 2114 716 2141 a
746 2094 851 2141 oaeli
882 2099 1125 2154 regionibus
1157 2097 1405 2139 ostendebat

395 2178 586 2219 horribili
617 2191 743 2233 super
773 2181 947 2233 aspectu
977 2176 1224 2218 mortalibus
1255 2176 1441 2228 instans,

398 2256 581 2312 primum
613 2255 766 2297 Graius
795 2255 920 2297 homo
951 2254 1138 2296 mortalis
1169 2252 1342 2294 tendere
1374 2256 1519 2293 contra

401 2338 463 2375 est
495 2334 636 2375 oculos
667 2348 821 2387 ausus,
853 2333 1095 2389 primusque
1127 2331 1328 2372 obsistere
1359 2333 1530 2383 contra,

399 2426 524 2468 quem
555 2426 692 2468 neque
724 2411 820 2453 fana
851 2411 975 2453 deum
1005 2425 1082 2452 nec
1114 2409 1289 2451 fulmina
1320 2422 1396 2449 nec
1426 2406 1638 2448 minitanti

399 2504 612 2531 murmure
644 2490 889 2545 compressit
919 2489 1108 2541 caelum,
1141 2487 1214 2528 sed
1246 2501 1293 2527 00
1325 2486 1458 2541 magis
1489 2498 1627 2527 acrem

400 2567 546 2608 inritat
577 2567 705 2608 animi
737 2567 965 2619 virtutem,
998 2565 1220 2619 effringere
1251 2568 1297 2604 ut
1329 2567 1419 2604 arta

403 2649 578 2685 naturae
610 2645 769 2700 primus
801 2649 1014 2700 portarum
1045 2643 1226 2684 claustra
1256 2642 1429 2697 cupirct.

276 2810 300 2850 ¹)
350 2808 416 2840 Cic.
441 2808 480 2840 de
505 2807 578 2839 Fin.
602 2808 629 2838 I.
658 2809 714 2846 19,
740 2810 791 2839 63.

275 2871 301 2912 2)
350 2871 400 2903 Cf.
426 2871 539 2903 Horat.
566 2870 632 2902 Sat.
659 2870 685 2902 I.
711 2872 728 2902 5
744 2895 752 2909 ‚
777 2871 816 2903 97
840 2880 926 2911 seqq.
952 2871 979 2900 8.
1893 2912 1894 2917 1

274 2935 300 2976 ³)
350 2934 447 2974 Apud
471 2934 609 2965 Iudaeos
633 2932 799 2965 Pharisaei
822 2935 855 2964 et
878 2932 1065 2964 Sadducaei.
1113 2931 1232 2973 Bayle.
1264 2930 1418 2963 diotionn.
1442 2929 1518 2962 hist.
1543 2931 1576 2960 et
1597 2926 1667 2959 crit.
1693 2925 1775 2957 5¹eme
1797 2926 1843 2957 ed,
1892 2931 1894 2937 ⁴

234 2999 337 3029 Amst.
374 2998 471 3035 1740,
507 2995 566 3026 sub
594 3006 672 3027 voce
695 2995 876 3037 Epicurus:
925 2995 1010 3035 „Les
1034 2993 1193 3028 Stoieiens
1215 2993 1315 3037 qu‘on
1337 2991 1482 3035 pourrait
1504 3000 1648 3023 nominer
1669 2988 1716 3020 les
1738 2987 1846 3030 phari-
1890 3026 1891 3029 Ἴ

234 3061 319 3093 siens
342 3060 385 3092 du
407 3058 626 3103 paganismc.”
