1894 3235
912 117 991 156 142

146 251 202 298 εἷς
234 247 307 300 τᾶς
349 247 505 301 ἐνδείας
536 253 742 291 ποιεῖσθαι
775 251 1018 305 παράθεσιν.
1091 252 1315 294 Lucretius
1347 253 1528 308 primum
1558 259 1764 296 memorat

145 339 278 380 genus
319 326 549 368 humanum
585 326 717 367 multo
750 332 839 368 tum
872 327 1014 369 durius
1046 334 1087 370 et
1118 330 1265 371 fortius
1298 336 1339 371 et
1369 331 1580 373 robustius
1610 332 1763 388 fuisse,

146 417 240 444 cum
273 403 440 457 durior,
483 404 687 458 validior,
732 408 939 447 recentior
970 411 1082 448 terra
1113 408 1154 448 id
1187 414 1367 450 creasset
1399 412 1432 463 ¹).
1500 410 1763 465 „Volgivago

146 480 276 521 vitam
320 481 556 522 tractabant
601 495 716 522 more
760 482 984 523 ferarum.’'
1046 484 1345 539 Agriculturae
1391 486 1595 541 imperitis
1631 486 1764 542 „quod

147 559 208 599 sol
245 564 369 615 atque
401 559 556 600 imbres
587 559 812 613 dederant,
859 562 969 616 quod
1002 567 1113 603 terra
1145 569 1304 605 crearat
1336 567 1483 619 spente
1516 578 1617 617 sua,
1664 565 1764 605 satis

850 639 872 655 ³7

145 636 189 677 id
229 636 422 692 placabat
471 642 643 692 pectora
675 637 843 679 donum.
935 639 1141 693 Glandes,
1186 641 1334 682 arbuta
1366 642 1530 697 aliaque
1561 642 1604 682 id
1631 655 1764 697 genus

145 715 304 755 fructus
346 728 416 756 eos
462 715 722 757 nutriebant.
788 717 872 769 „At
921 717 1067 758 sedare
1100 718 1211 759 sitim
1241 719 1357 759 fluvii
1394 720 1611 775 fontesque
1643 733 1764 760 voca·

143 792 268 846 bant,
316 797 363 833 ut
408 807 519 834 1111110
565 794 777 834 montibus
809 808 830 835 0
861 796 1025 850 magnis
1057 795 1255 837 decursus
1286 798 1409 852 aquai
1440 797 1649 851 clarigitat
1679 797 1763 838 late

141 870 326 911 sitientia
371 871 508 912 saecla
556 871 781 912 ferarum’'.
866 873 1001 926 Ignis,
1056 878 1220 926 vestes,
1274 873 1420 916 domus
1452 875 1502 915 iis
1535 880 1654 915 erant
1696 888 1763 916 res

139 947 321 1002 ignotae.
387 948 501 1000 „Nec
549 962 769 989 commune
815 949 970 990 bonum
1002 955 1197 1005 poterant
1229 957 1418 1006 spectare
1442 985 1452 1005 ,
1500 966 1635 1008 neque
1667 953 1762 993 ullis

137 1026 323 1066 moribus
368 1026 478 1066 inter
523 1040 565 1067 se
614 1027 774 1068 scibant
806 1041 882 1068 1100
914 1028 1079 1083 legibus
1110 1029 1213 1069 uti⁷'.
1279 1030 1360 1082 „Et
1392 1029 1538 1071 Venus
1569 1031 1612 1071 in
1645 1031 1760 1072 silvis

138 1104 341 1158 iungebat
372 1118 545 1159 corpora
576 1105 833 1146 amantum.'’

201 1182 446 1235 „Silvestria
476 1182 666 1224 membra
698 1183 811 1224 nuda
832 1183 986 1225 dabant
1003 1189 1164 1237 terrae,
1197 1192 1398 1226 nocturno
1419 1190 1607 1241 tempore
1630 1186 1762 1242 capti,

141 1260 297 1301 circum
337 1274 382 1301 se
415 1260 525 1301 foliis
557 1275 604 1302 ac
635 1261 853 1302 frondibus
884 1262 1189 1303 involventes.’⁷
1251 1263 1464 1304 Tenebras
1497 1278 1579 1305 11011
1602 1270 1763 1305 metue-

134 1338 257 1392 bant,
293 1339 392 1391 „sed
423 1339 560 1394 magis
592 1339 696 1380 illud
728 1345 818 1381 erat
851 1355 1002 1394 curae,
1035 1341 1147 1397 quod
1185 1342 1322 1382 saecla
1362 1342 1545 1384 ferarum
1567 1342 1762 1384 infestam

135 1417 298 1458 miseris
330 1416 539 1458 faciebant
571 1432 696 1474 saepe
729 1419 959 1474 quietem”.

193 1493 356 1534 Rursus
387 1494 604 1535 fatendum
639 1500 701 1536 est
735 1496 903 1537 omnino
926 1496 1033 1537 hanc
1057 1496 1288 1538 doctrinam
1307 1497 1357 1538 de
1379 1498 1609 1553 primorum
1630 1496 1762 1538 homi-

136 1585 237 1612 num
267 1572 454 1613 moribus
489 1573 646 1628 optime
682 1574 908 1615 convenire
940 1588 1035 1615 cum
1067 1575 1391 1616 clarissimorum
1423 1580 1589 1617 nostrae
1612 1576 1762 1616 aetatis

137 1649 354 1690 doctorum
399 1651 577 1706 repertis
599 1650 641 1703 ²).
704 1651 773 1692 Ab
823 1653 936 1692 omni
977 1652 1238 1707 mythologia
1285 1667 1452 1708 prorsus
1494 1653 1656 1695 alienus
1698 1657 1762 1694 est

136 1732 288 1784 poeta:
339 1743 434 1769 011111
479 1733 638 1770 terrore
686 1734 728 1770 et
774 1735 918 1783 metu,
963 1731 1112 1786 quibus
1159 1731 1333 1786 antiqua
1374 1731 1522 1786 religio
1570 1731 1761 1772 homines

136 1805 304 1859 affecit,
346 1806 469 1847 simul
511 1820 656 1847 omnes
687 1807 858 1862 pulcras
889 1807 1052 1849 fabulas
1083 1809 1306 1864 omniaque
1338 1813 1557 1864 poetarum
1588 1808 1762 1849 inventa

141 1882 191 1924 de
229 1883 356 1938 longa
386 1883 593 1940 beataque
625 1885 712 1926 vita
744 1886 974 1940 primorum
1004 1885 1222 1927 hominum
1254 1886 1419 1927 abiecit.
1482 1886 1689 1927 Homines
1711 1899 1760 1926 eo

140 1965 330 2017 tempore
376 1962 507 2003 nihilo
553 1963 691 2004 minus
733 1964 1020 2005 moriebantur
1051 1979 1176 2020 quam
1208 1979 1346 2017 nunc,
1385 1965 1537 2019 partim
1569 1978 1594 2005 a
1624 1964 1760 2005 saevis

140 2040 392 2081 animalibus
424 2040 636 2094 devorati,
668 2056 763 2082 011111
796 2043 953 2083 auxilio
985 2044 1193 2098 armisque
1226 2048 1443 2096 carerent,
1476 2043 1629 2098 partim
1656 2043 1760 2084 alias

139 2117 191 2159 ob
234 2132 405 2172 causas3
456 2132 570 2159 mare
617 2123 781 2160 tantum
823 2133 907 2160 non
953 2124 1015 2161 tot
1056 2120 1248 2161 homines
1294 2121 1418 2161 morti
1451 2120 1601 2161 obtulit
1633 2124 1759 2176 atque

138 2210 272 2249 nunc,
329 2197 525 2252 quoniam
575 2211 641 2238 ars
686 2197 856 2239 nautica
902 2198 1122 2239 etiamtum
1168 2199 1313 2253 ignota
1344 2203 1434 2239 erat
1458 2198 1498 2252 ³³).
1577 2201 1654 2241 Διὸ
1695 2202 1758 2241 καὶ

138 2273 333 2322 πολλοὺς
365 2275 502 2316 αὐτῶν
534 2275 807 2317 ἀπόλλυσθαι
839 2274 937 2317 κατὰ
968 2278 1067 2327 τοὺς
1099 2280 1329 2332 χειμῶνας,
1371 2275 1434 2318 διά
1466 2295 1505 2318 τε
1536 2277 1583 2319 τὸ
1615 2278 1760 2332 ψῦχος

140 2354 203 2393 καὶ
235 2353 311 2400 τὴν
343 2353 495 2394 σπάνιν
525 2359 597 2404 τῆς
618 2361 778 2408 τροφῆς
794 2353 837 2406 4).
871 2353 953 2394 Sed
974 2354 1177 2409 paulatim
1199 2367 1336 2394 mores
1357 2359 1586 2409 coeperunt
1607 2354 1757 2395 excoli.

198 2428 324 2470 Casas
356 2429 435 2470 sibi
456 2434 782 2472 construxerunt
804 2430 992 2472 homines
1011 2464 1020 2485 ,
1053 2431 1233 2486 pellibus
1255 2445 1298 2472 se
1320 2431 1551 2472 induerunt
1573 2464 1583 2485 ,
1616 2432 1758 2487 ignem

138 2506 405 2559 invenerunt,
438 2506 641 2548 familiam
673 2507 981 2549 condiderunt:
1019 2512 1133 2561 „tum
1167 2522 1301 2563 genus
1322 2508 1554 2550 humanum
1577 2509 1758 2564 primum

139 2584 382 2625 mollescere
415 2585 578 2640 coepit'’
598 2618 607 2638 ,
626 2584 654 2639 5)
687 2585 871 2626 amicitia
901 2586 1062 2627 animos
1092 2586 1331 2640 mitigavit,
1369 2587 1503 2639 „bona
1522 2600 1757 2642 magnaque

140 2675 236 2716 pars
266 2661 460 2703 servabat
490 2662 660 2703 foedera
690 2667 802 2704 caste
825 2663 899 2713 ὓ)”.

184 2776 209 2814 ¹)
255 2776 295 2807 V.
322 2778 380 2807 931
406 2787 494 2818 seqq.

181 2829 205 2870 ²)
253 2828 304 2860 Of.
329 2829 485 2868 Peschel,
510 2829 664 2861 Volkerk.
689 2840 762 2871 pag.
791 2832 849 2864 137
874 2841 962 2872 seqq.

180 2882 207 2920 ³)
255 2883 456 2913 988-1010.

181 2933 207 2975 ⁴)
255 2934 352 2966 Diod.
378 2934 442 2966 Sic.
466 2934 488 2966 1.
512 2934 534 2965 1.

177 2990 207 3029 ⁵)
258 2990 350 3020 1014.

181 3040 207 3083 ⁶)
257 3042 348 3073 1025.
