1894 3235
903 124 980 165 157

138 265 262 317 poeta
307 260 528 302 nonnullas
568 259 692 299 nimis
734 272 824 299 esse
869 272 1046 313 graves,
1095 257 1316 313 quominus
1352 256 1643 312 propellantur
1672 255 1751 296 hoc

139 343 257 380 aestu
287 343 333 379 ut
364 351 539 390 aurum,
572 337 674 377 alias
705 336 829 377 nimis
861 337 921 377 ita
952 350 1043 376 raro
1076 349 1167 376 esse
1199 348 1398 390 corpore,
1429 338 1476 374 ut
1498 338 1637 374 aestus
1658 347 1751 388 per-

137 417 251 458 volet
280 416 489 467 intactus,
521 414 638 454 velut
673 413 838 467 „lignea
869 413 1093 454 materies''
1127 418 1202 464 (vs.
1239 411 1545 464 1056—1064).

195 493 300 535 Inde
331 507 356 534 a
386 507 446 533 vs.
483 493 590 532 1065
622 491 845 531 Lucretius
875 491 1019 531 laudat
1050 490 1251 531 nonnulla
1282 489 1478 544 exempla
1507 491 1554 528 ut
1583 487 1751 528 demon-

139 575 242 613 stret
287 571 388 612 alias
433 584 500 610 res
546 569 709 609 facilius
755 583 850 609 cum
892 568 999 608 alliis
1041 581 1084 608 se
1130 568 1397 621 coniungere.
1464 566 1603 618 „Saxa
1632 565 1750 606 vides

138 648 319 704 primum
359 647 445 687 sola
476 646 682 686 colescere
716 645 981 699 (coalescere)
1015 645 1150 697 calce,
1183 644 1344 698 glutine
1367 643 1564 684 materies
1585 642 1750 682 taurino

137 725 326 780 iungitur
344 738 450 776 uno,
483 728 528 763 ut
548 724 651 764 vitio
672 736 804 763 venae
828 722 1064 763 tabularum
1088 722 1253 776 saepius
1275 721 1438 762 hiscant
1460 735 1583 776 quam
1604 720 1749 760 laxare

139 805 293 858 queant
324 814 545 856 compages
576 804 723 841 taurea
753 800 891 840 vincla
923 799 979 852 (id
1011 803 1093 839 est:
1127 798 1290 838 tabulas
1323 802 1481 853 ruptas,
1515 811 1609 838 cum
1640 797 1749 850 frag-

138 880 252 921 mina
272 879 433 934 glutine
453 879 609 919 refecta
631 882 727 918 sunt
749 882 790 918 et
812 891 954 918 rursus
977 877 1210 929 coniuncta,
1236 876 1402 931 saepius
1424 876 1505 916 alio
1528 876 1617 916 loco
1638 907 1646 927 ,
1678 875 1751 915 ubi

138 970 272 997 venae
303 956 347 996 in
363 956 478 1010 ligno
497 958 720 1010 apparent,
742 954 881 1009 rumpi
903 958 944 994 et
964 953 1125 994 hiscere
1147 953 1264 993 vides
1286 967 1409 1008 quam
1430 953 1501 993 ubi
1524 952 1750 1006 glutinum,

139 1035 249 1090 quod
279 1034 683 1089 praestantissimum
725 1033 815 1073 fieri
861 1046 915 1073 ex
955 1031 1148 1073 cornibus
1179 1036 1393 1071 taurorum
1424 1034 1466 1071 et
1497 1029 1751 1084 genitalibus

139 1112 303 1154 Plinius
333 1112 483 1164 refert,
517 1111 662 1151 scissas
692 1114 832 1165 partes
863 1109 1077 1161 continet).
1109 1109 1285 1163 vitigeni
1318 1108 1463 1149 latices
1485 1107 1608 1163 aquai
1629 1106 1752 1148 fonti-

138 1189 216 1231 bus
246 1189 402 1230 audent
432 1188 626 1241 misceri,
659 1202 752 1228 cum
784 1187 859 1242 pix
890 1190 1071 1242 nequeat
1103 1186 1242 1240 gravis
1275 1190 1316 1226 et
1336 1186 1429 1225 leve
1451 1185 1604 1225 olivom
1626 1217 1634 1224 .
1656 1199 1752 1239 pur-

140 1281 378 1323 pureusque
411 1267 521 1307 colos
552 1265 744 1320 conchyli
774 1265 963 1319 iungitur
994 1278 1076 1305 uno
1109 1277 1280 1319 corpore
1313 1278 1407 1304 cum
1437 1263 1580 1316 lanae,
1613 1262 1751 1302 dirimi

141 1345 212 1400 qui
257 1359 341 1386 non
387 1348 513 1400 queat
548 1357 751 1399 usquam,
795 1357 878 1383 non
910 1343 943 1382 si
974 1342 1163 1397 Neptuni
1194 1342 1323 1382 fluctu
1352 1355 1554 1382 renovare
1585 1354 1754 1396 operam

141 1422 241 1476 des,
287 1436 399 1474 non,
444 1435 558 1462 mare
599 1421 632 1460 si
674 1424 810 1461 totum
850 1420 953 1460 velit
991 1420 1132 1460 eluere
1175 1419 1367 1459 omnibus
1410 1418 1572 1458 undis.’'
1633 1417 1754 1458 Haec

139 1504 281 1541 tamen
321 1501 393 1555 qui
438 1498 738 1554 praecedentes
781 1511 926 1538 versus
957 1497 1167 1538 illustrare
1198 1496 1358 1551 possint
1388 1496 1462 1536 vix
1492 1495 1754 1550 perspicitur.

138 1577 190 1618 In
234 1577 440 1633 exemplis
480 1577 592 1617 enim
623 1576 802 1617 laudatis
833 1590 972 1616 rerum
1005 1575 1241 1616 coniunctio
1273 1574 1319 1614 fit
1351 1572 1625 1613 similitudine
1657 1587 1756 1628 qua-

140 1654 235 1695 dam
267 1658 309 1695 et
340 1654 614 1708 congruentia
645 1657 879 1694 atomorum
911 1656 952 1692 et
983 1652 1254 1707 spatiolorum
1285 1651 1329 1690 in
1359 1650 1495 1690 rebus.
1545 1649 1757 1702 ⁷,Quorum

137 1732 198 1773 ita
226 1735 421 1772 texturae
453 1731 694 1772 ceciderunt
723 1734 871 1770 mutua
902 1734 1073 1782 contra,
1107 1734 1152 1769 ut
1183 1742 1286 1769 cava
1317 1728 1568 1768 conveniant
1598 1727 1755 1782 plenis,

138 1809 243 1851 haec
275 1809 388 1850 illius
419 1809 492 1850 illa
521 1808 730 1864 huiusque
761 1808 870 1848 inter
902 1822 972 1860 se,
1018 1808 1212 1848 iunctura
1242 1805 1346 1846 haec
1378 1805 1537 1860 optima
1567 1805 1756 1846 constat”

141 1891 216 1939 (vs.
268 1887 519 1940 1084—86).
581 1886 695 1940 Ergo
734 1886 908 1926 alterius
938 1885 999 1925 rei
1030 1884 1159 1925 atomi
1190 1884 1250 1924 ita
1280 1897 1375 1923 cum
1406 1883 1579 1923 alterius
1609 1882 1758 1923 atomis

140 1965 478 2019 coniunguntur,
509 1968 557 2005 ut
587 1964 661 2004 vix
691 1964 852 2004 secerni
871 1963 1044 2018 possint.
1093 1962 1153 2003 At
1174 1962 1217 2001 in
1239 1961 1452 2016 superiore
1475 1960 1757 2015 explicatione

142 2047 238 2083 sunt
269 2042 378 2083 aeris
408 2042 540 2094 ictuS,
572 2041 643 2097 qui
674 2055 740 2081 res
761 2040 1044 2094 coniungunt,
1077 2052 1214 2094 neque
1237 2038 1367 2079 atomi
1388 2039 1498 2078 inter
1519 2052 1562 2078 se
1585 2051 1760 2078 connec-

142 2124 301 2161 tuntur.
363 2119 574 2161 Videntur
618 2119 747 2173 igitur
787 2119 860 2159 illa
891 2117 1087 2173 exempla
1117 2117 1256 2172 potius
1288 2116 1341 2157 ad
1371 2116 1497 2157 aliam
1529 2115 1760 2156 doctrinam

141 2198 360 2240 referenda
391 2211 510 2250 esse,
543 2211 668 2253 quam
700 2201 824 2252 poeta
854 2196 998 2251 paucis
1030 2194 1169 2235 verbis
1200 2198 1364 2234 tantum
1394 2193 1535 2247 attigit
1565 2207 1625 2233 vs.
1652 2194 1758 2234 1087

143 2291 284 2333 seqq:
336 2281 424 2330 „est
471 2276 626 2329 etiam,
674 2275 792 2331 quasi
833 2278 881 2314 ut
929 2273 1077 2314 anellis
1121 2271 1340 2326 hamisque
1385 2271 1540 2326 plicata
1570 2270 1681 2311 inter
1718 2283 1760 2310 se

143 2355 350 2411 quaedam
392 2355 551 2411 possint
597 2354 762 2409 coplata
807 2352 965 2405 teneri3
1012 2350 1123 2406 quod
1152 2349 1288 2403 magis
1318 2349 1362 2389 in
1392 2348 1532 2403 lapide
1563 2347 1642 2388 hoc
1672 2347 1763 2388 fieri

142 2432 336 2488 ferroque
381 2432 586 2473 videtur'’.
648 2431 888 2473 Secundum
927 2429 1037 2470 hanc
1069 2428 1300 2469 doctrinam
1330 2440 1397 2467 res
1427 2427 1484 2467 sic
1515 2425 1765 2481 explicanda

145 2514 221 2551 est.
283 2509 388 2551 Cum
434 2523 489 2550 ex
533 2512 730 2564 magnete
776 2512 867 2549 tum
899 2521 921 2548 e
950 2507 1060 2548 ferro
1092 2506 1221 2547 atomi
1252 2508 1475 2546 emanant:
1522 2503 1602 2545 hae
1633 2504 1763 2545 atomi

145 2601 196 2629 ea
226 2591 323 2628 sunt
352 2591 529 2640 natura,
560 2591 608 2627 ut
637 2586 759 2627 facile
790 2586 901 2626 inter
932 2599 976 2626 se
1005 2585 1235 2638 iungantur
1252 2616 1262 2636 ,
1309 2586 1406 2623 sunt
1436 2581 1554 2637 quasi
1584 2581 1763 2623 annellis

144 2664 362 2720 hamisque
378 2664 606 2720 praeditae,
627 2667 673 2705 ut
695 2667 819 2705 antea
838 2664 922 2704 iam
943 2663 1100 2703 dictum
1122 2665 1184 2702 est
1206 2660 1407 2702 nonnulla
1429 2673 1585 2714 genera
1606 2663 1764 2700 atomo-

145 2757 239 2784 rum
269 2742 329 2783 ita
358 2742 535 2783 formata
565 2756 678 2795 esse,
710 2745 757 2782 ut
787 2741 909 2782 facile
940 2743 1243 2781 connectantur
1274 2742 1316 2779 et
1347 2751 1472 2791 aegre
1503 2737 1762 2777 relaxentur.

147 2818 209 2861 Ut
237 2819 282 2859 in
313 2818 406 2860 aliis
438 2818 495 2859 sic
526 2818 570 2858 in
600 2818 679 2859 hoc
709 2817 1000 2873 phaenomeno
1032 2814 1281 2871 explicando
1313 2827 1475 2869 quoque
1506 2816 1632 2868 poeta
1663 2812 1765 2854 duas

147 2896 316 2939 admisit
344 2896 413 2938 vel
443 2896 586 2952 plures
615 2895 824 2949 rationes,
856 2909 960 2951 quas
991 2908 1086 2936 cum
1117 2892 1291 2948 Epicuri
1323 2891 1511 2932 doctrina
1541 2890 1766 2932 convenire

148 2973 290 3016 statim
336 2973 616 3015 ostendemus.
677 2972 737 3013 At
780 2977 828 3013 ut
873 2986 985 3012 nunc
1030 2975 1126 3011 sunt
1172 2983 1317 3010 versus
1362 2967 1554 3010 collocati
1594 2968 1638 3008 in
1669 2982 1765 3009 mss.
