1894 3235
957 117 1011 157 58

177 250 408 292 relaturum
439 264 530 292 esse
562 250 738 307 Epicuri
772 249 1016 292 doctrinam.
1077 250 1233 306 Incipit
1266 264 1291 291 a
1321 250 1466 292 mortis
1501 251 1678 305 timore,
1717 265 1798 307 quo

176 327 330 369 iustam
387 327 438 369 de
484 329 622 369 animo
672 327 903 369 doctrinam
949 341 1164 384 exponens
1210 327 1401 369 homines
1446 328 1624 370 liberare
1671 329 1798 385 cupit.

177 405 351 461 Epicuri
398 406 511 447 enim
553 410 595 447 et
627 405 814 447 Lucretii
847 410 990 459 aetas,
1032 419 1138 462 quae
1178 411 1354 462 utraque
1386 406 1655 448 scientiarum
1686 407 1801 448 cultu

178 487 220 525 et
267 483 421 525 civium
452 484 495 524 in
526 483 647 524 bonis
678 483 957 538 prosperitate
988 483 1190 537 florebat,
1222 488 1365 525 tamen
1396 483 1475 525 hoc
1506 489 1623 525 metu
1659 484 1801 540 impri-

177 561 257 602 mis
298 561 589 616 angebantur,
631 560 742 616 quod
784 574 877 602 cum
921 574 944 602 e
983 561 1126 602 multis
1171 562 1336 617 scriptis
1384 565 1474 602 tum
1520 575 1542 602 e
1579 561 1631 602 D.
1664 562 1712 603 L.
1744 561 1800 603 X.

181 640 260 680 124
302 653 414 695 seqq.
447 643 489 680 et
522 638 735 680 Ciceronis
767 638 860 679 libr.
892 639 914 680 Ι
944 639 1063 694 Disp.
1096 639 1220 681 Tusc.
1255 654 1335 696 quo
1368 639 1418 681 de
1450 645 1583 680 morte
1618 644 1802 681 contem-

177 717 316 758 nenda
347 717 463 771 agit,
496 716 607 758 effici
640 721 790 772 potest.

235 794 366 836 Miser
386 795 447 835 rei
470 794 662 850 publicae
684 798 840 847 status,
873 794 1029 835 veteris
1053 793 1227 835 deorum
1250 794 1386 835 cultus
1405 800 1446 835 et
1469 795 1565 836 fidei
1588 795 1801 849 interitus,

177 872 523 928 philosophorum
585 872 664 913 sibi
730 872 914 913 vicissim
970 876 1256 928 repugnantes
1302 872 1515 914 doctrinae
1575 874 1619 914 in
1669 874 1804 915 causis

177 954 287 991 sunt.
322 953 372 993 Οἱ
394 949 577 999 πολλοὶ,
611 949 820 1005 Epicurus
842 950 978 1005 inquit
998 982 1006 1002 ,
1039 951 1113 991 τὸν
1135 949 1324 991 ,θάνατον
1347 952 1411 992 ὁτὲ
1435 953 1508 1003 μὲν
1530 951 1586 1001 ὡς
1607 953 1803 1006 μέγιστον

175 1032 260 1071 τῶν
301 1031 435 1071 κακῶν
477 1031 731 1084 φεύγουσιν,
773 1031 837 1070 ὁτὲ
871 1027 906 1070 δ’
928 1029 985 1076 ὡς
1016 1028 1250 1070 ἀνάπαυσιν
1281 1031 1364 1068 τῶν
1396 1029 1439 1069 ἐν
1469 1033 1527 1083 τῷ
1559 1028 1636 1077 ζῆν
1669 1033 1804 1071 κακῶν

177 1110 388 1150 ποθοῦσιν
413 1107 452 1160 ¹).
513 1106 705 1148 Vulnera
736 1107 847 1147 vitae
879 1120 962 1147 non
993 1105 1210 1146 minimam
1233 1110 1396 1160 partem
1419 1107 1563 1147 mortis
1584 1106 1804 1148 formidine

178 1185 374 1239 aluntur,
419 1185 628 1227 exclamat
658 1189 782 1240 poeta
804 1182 849 1234 2).
912 1183 1120 1231 Quoniam
1151 1187 1244 1238 post
1267 1189 1445 1224 mortem
1467 1184 1622 1225 multos
1643 1184 1805 1226 dolores

177 1263 418 1320 patientur,
467 1268 512 1304 ut
552 1262 744 1304 homines
775 1262 1001 1318 opinantur
1031 1261 1186 1316 vulgo,
1231 1275 1307 1317 per
1338 1261 1399 1302 fas
1432 1266 1474 1302 et
1504 1261 1620 1303 nefas
1652 1262 1806 1318 gaudia

178 1345 411 1397 appetunt,
453 1345 500 1382 ut
545 1341 686 1382 tristes
716 1340 863 1382 mortis
892 1340 1056 1393 minas,
1105 1353 1211 1395 quae
1243 1339 1404 1380 animos
1436 1345 1621 1393 vexant,
1658 1340 1805 1396 volup-

179 1420 338 1461 tatibus
385 1420 560 1475 sopiant.
640 1418 751 1467 Quin
784 1418 912 1459 etiam
957 1417 1000 1458 in
1032 1422 1197 1458 tantum
1227 1418 1376 1459 mortis
1406 1417 1583 1460 formido
1623 1418 1804 1460 furorem

179 1512 250 1540 eos
280 1498 490 1554 propellit,
522 1501 570 1538 ut
601 1496 679 1538 sibi
712 1496 793 1552 ipsi
813 1500 992 1537 mortem
1016 1496 1301 1548 consciscant,
1334 1500 1381 1536 ut
1404 1496 1584 1551 patriam
1605 1511 1804 1553 carosque

177 1581 374 1632 parentes
403 1575 582 1632 prodant
613 1576 747 1616 vitare
780 1574 1017 1616 Acherusia
1046 1574 1205 1629 templa
1228 1578 1433 1630 petentes.
1502 1574 1653 1627 „Hunc
1675 1575 1805 1630 igitur

178 1658 382 1695 terrorem
413 1653 542 1694 animi
574 1652 853 1708 tenebrasque
884 1656 1095 1693 necessest
1127 1666 1211 1692 non
1242 1651 1347 1692 radii
1380 1652 1477 1693 solis
1508 1666 1645 1707 neque
1666 1651 1806 1694 lucida

178 1732 264 1774 tela
299 1732 381 1773 diei
411 1731 639 1772 discutiant
666 1730 739 1771 sed
761 1735 937 1771 naturae
960 1729 1122 1785 species
1143 1729 1336 1785 ratioque
1360 1728 1406 1783 ³),
1439 1730 1507 1771 vel
1528 1735 1574 1771 ut
1597 1730 1804 1785 Epicurus

179 1810 292 1852 dicit:
305 1809 337 1864 ⁴)
356 1811 431 1853 οὐκ
449 1813 498 1860 ἦν
514 1811 561 1852 τὸ
580 1808 851 1866 φοβούμενον
873 1809 987 1851 λύειν
1006 1809 1105 1863 ὑπὲρ
1124 1811 1207 1849 τῶν
1225 1809 1506 1863 κυριωτάτων,
1523 1810 1578 1862 μὴ
1596 1806 1804 1851 κατειδότα

178 1891 242 1937 τίς
273 1890 297 1937 ἡ
330 1893 403 1931 τοὺ
437 1890 682 1940 σύμπαντος
714 1889 860 1943 φύσις,
894 1886 992 1929 ἀλλ’
1025 1887 1363 1939 ὑποπτευόμενόν
1393 1905 1430 1928 τι
1459 1889 1544 1928 τῶν
1575 1887 1674 1928 κατὰ
1703 1888 1803 1939 τοὺς

177 1967 340 2018 μύθους
367 1976 376 1989 ·
398 1965 492 2008 ὥστ’
525 1966 600 2007 οὐκ
631 1967 682 2014 ἦν
714 1964 810 2006 ἄνευ
843 1963 1121 2020 φυσιολογίας
1156 1964 1374 2019 ἀκεραίους
1404 1964 1480 2012 τὰς
1511 1962 1668 2012 ἡδονὰς
1700 1962 1804 2006 ἆπο-

178 2041 427 2099 λαμβάνειν.
448 2067 499 2072 -
521 2043 764 2099 Antequam
786 2046 929 2083 autem
951 2041 1080 2082 animi
1101 2046 1296 2082 naturam
1323 2040 1549 2094 describat,
1573 2040 1804 2083 refellenda

179 2124 242 2162 est
289 2120 428 2176 opinio
475 2134 648 2174 eorum,
695 2121 790 2176 qui,
833 2124 880 2161 ut
910 2119 1183 2174 Peripatetici
1214 2119 1406 2160 nonnulli
1427 2123 1486 2172 ⁵),
1517 2119 1680 2160 nullum
1711 2132 1801 2160 esse

178 2198 366 2239 animum
407 2198 732 2250 asseverabant,
779 2197 852 2238 sed
897 2197 1158 2238 harmoniam
1191 2196 1414 2252 quamdam
1459 2197 1587 2238 totius
1619 2197 1802 2252 corporis

178 2275 257 2318 hoe
287 2277 456 2318 nomine
488 2276 744 2331 significari,
777 2280 819 2316 et
850 2276 935 2316 vim
968 2280 1098 2316 totam
1129 2274 1270 2327 illam,
1303 2288 1385 2329 qua
1416 2274 1483 2315 vel
1506 2287 1679 2328 agamus
1702 2273 1802 2330 quid

179 2355 247 2396 vel
280 2355 536 2408 sentiamus,
567 2355 611 2395 in
644 2355 836 2395 omnibus
859 2353 1100 2409 corporibus
1128 2353 1236 2393 vivis
1258 2352 1535 2408 aequabiliter
1556 2366 1645 2394 esse
1667 2353 1801 2394 fusam

181 2432 408 2474 censebant
429 2434 489 2486 ὕ);
523 2447 648 2489 quam
681 2432 914 2474 doctrinam
945 2446 969 2473 a
1004 2430 1313 2487 Pythagor-aeis
1335 2431 1436 2471 olim
1457 2430 1662 2486 prolatam
1678 2430 1801 2472 Plato

224 2555 248 2596 ¹)
297 2555 338 2586 D.
364 2555 400 2586 L.
426 2555 469 2586 X.
498 2557 567 2586 125.

222 2618 245 2655 2)
293 2618 348 2649 Υε.
374 2621 424 2649 64.

223 2680 249 2722 3)
297 2680 353 2711 vs.
379 2682 429 2711 91.

223 2743 249 2781 ⁴)
296 2742 337 2774 D.
363 2742 400 2774 L.
425 2741 468 2772 X.
494 2741 568 2774 Rat.
593 2745 674 2773 sent.
701 2741 762 2773 XI.

223 2806 246 2842 ⁵)
294 2805 518 2837 Aristoxenus.
566 2805 631 2837 Cic.
655 2804 748 2846 Disp.
773 2809 856 2836 tusc.
881 2804 898 2836 1
913 2829 921 2843 ‚
949 2806 1008 2843 10,
1033 2807 1083 2836 20.

222 2869 244 2907 ὃ)
294 2868 523 2901 Dicaearchus.
570 2868 636 2901 Cic.
662 2868 755 2909 Disp.
779 2872 861 2899 tusc.
887 2868 915 2900 I.
943 2870 1002 2907 10,
1028 2870 1076 2899 21.
1126 2868 1201 2899 Non
1223 2867 1319 2908 plane
1343 2877 1416 2898 cum
1437 2867 1477 2899 iis
1500 2866 1699 2899 conveniunt
1721 2866 1800 2899 haec

179 2931 279 2963 verba
311 2932 397 2972 apud
432 2931 560 2963 Nemes.
597 2932 636 2963 de
667 2935 734 2962 nat.
769 2931 855 2962 hom.
886 2943 916 2972 p.
951 2934 1011 2963 68:
1048 2931 1251 2974 Δικαίαρχος
1275 2931 1306 2963 δὲ
1337 2931 1416 2973 (scil.
1445 2931 1547 2974 λέγει)
1577 2931 1693 2973 ψυχὴν
1716 2933 1799 2964 εἶναι

180 2996 346 3038 ἁρμονίαν
381 2998 448 3026 τῶν
486 2996 656 3036 τεσσάρων
681 2997 868 3036 στοιχείων,
902 2997 980 3026 ἀντὶ
1004 2998 1062 3027 τοῦ
1086 2998 1206 3037 κρᾶσιν
1230 2996 1283 3026 καὶ
1311 2994 1505 3037 συμφωνίαν
1528 2998 1595 3027 τῶν
1619 2994 1798 3036 στοιχείων.
