1894 3235
926 175 1006 216 162

158 322 233 350 suo
277 322 372 350 cum
414 308 665 350 detrimento
710 307 1001 350 universorum
1032 310 1210 351 salutem
1241 315 1470 365 augerent,
1503 325 1598 353 cum
1628 325 1770 369 respu-

157 385 266 427 blica
295 386 457 428 Romae
487 386 532 426 in
563 385 651 426 dies
681 385 815 440 magis
845 401 1074 442 paucorum
1106 393 1242 441 esset,
1280 389 1469 444 plerique
1500 389 1638 444 potius
1669 404 1768 446 quo-

156 463 278 505 modo
325 463 551 505 commodis
596 463 710 504 vitae
757 463 996 520 divitiisque
1037 465 1081 505 in
1127 465 1210 506 otio
1252 470 1294 506 ct
1325 466 1626 522 tranquillitate
1657 467 1768 522 frui,

156 555 281 596 quam
312 541 467 582 civium
495 540 742 582 felicitatem
773 554 928 596 augere
960 546 1157 597 possent,
1196 543 1448 597 cogitabant.
1510 543 1616 585 Cum
1647 559 1768 600 paca-

155 622 222 659 tus
253 618 381 659 animi
413 622 546 659 status
577 618 671 659 finis
702 622 813 660 esset
842 619 1076 672 bonorum,
1107 621 1276 661 moralis
1298 620 1512 674 doctrina,
1544 635 1651 677 quae
1673 635 1769 663 eum

155 695 335 737 obtineri
365 709 486 751 posse
518 695 720 749 docebat,
752 697 979 752 praecipua
1010 701 1099 738 erat
1130 712 1225 752 pars
1256 697 1555 753 philosophiae.
1607 699 1768 741 Verum

153 777 199 814 ut
230 773 302 814 illa
332 773 476 814 usibus
507 773 795 814 Romanorum
827 773 1114 827 satisfaceret,
1147 774 1365 816 evellenda
1397 780 1514 816 erant
1545 789 1600 816 ex
1620 776 1769 817 animis

153 864 441 906 quaecumque
473 850 699 892 sollicitare
732 851 921 907 quietum
953 851 1082 892 animi
1114 855 1269 892 statum
1300 858 1496 907 possent:
1546 854 1680 894 multo
1711 854 1768 895 al-

152 927 280 969 tiores
326 927 438 983 apud
484 927 699 969 Romanos
745 942 869 983 quam
901 928 1013 983 apud
1045 927 1228 969 Graecos
1259 928 1420 970 radices
1453 934 1596 984 egerat
1627 944 1768 986 super-

153 1005 294 1060 stitio,
342 1018 420 1046 nec
465 1009 624 1046 temere
671 1005 925 1060 spernebant
970 1005 1180 1059 Romani,
1228 1006 1261 1046 si
1300 1006 1496 1048 Lucretio
1527 1007 1607 1062 ipsi
1637 1007 1767 1061 fides,

151 1096 440 1138 quaecumque
485 1086 654 1138 patrum
701 1082 949 1124 auctoritate
982 1083 1250 1124 confirmatae
1283 1088 1401 1125 erant
1432 1084 1482 1126 dc
1514 1085 1683 1139 inferis,
1717 1085 1767 1127 de

150 1160 386 1202 animorum
431 1164 524 1216 post
569 1165 747 1202 mortem
779 1165 919 1215 statu,
962 1161 1012 1202 de
1060 1161 1137 1202 diis
1193 1163 1421 1217 opiniones.
1482 1166 1595 1210 Quae
1626 1168 1767 1205 tamen

150 1238 185 1279 si
231 1242 390 1280 starent
434 1238 625 1293 integrae
673 1242 715 1279 et
760 1239 1054 1292 inconcussae,
1101 1239 1255 1281 frustra
1301 1244 1392 1281 erat
1422 1240 1549 1282 animi
1582 1241 1767 1296 quietem

148 1315 455 1357 commendare.
497 1316 564 1357 Ita
594 1316 752 1357 factum
783 1321 829 1358 ut
861 1318 1084 1359 Lucretius
1116 1317 1166 1359 de
1198 1332 1338 1359 rerum
1370 1323 1521 1360 natura
1552 1332 1767 1374 exponens

147 1394 315 1436 moralis
362 1393 607 1450 disciplinae
654 1394 927 1436 fundamenta
971 1396 1108 1437 iacere
1149 1396 1333 1451 potuerit
1378 1396 1642 1438 removendis
1686 1396 1765 1451 iis,

148 1485 255 1527 quae
286 1472 413 1527 vulgo
446 1472 605 1514 credita
634 1473 934 1528 prohiberent,
967 1474 1188 1530 quominus
1210 1474 1440 1529 sapientiae
1465 1474 1514 1515 cle
1537 1475 1660 1516 beata
1679 1474 1767 1516 vita

146 1550 317 1591 monitis
363 1564 484 1591 aures
527 1551 723 1606 aequales
770 1552 1032 1606 praeberent.
1094 1552 1215 1599 Quod
1266 1552 1496 1607 Epicurum
1543 1551 1765 1607 perfecisse

148 1626 248 1668 dicit
278 1632 430 1683 poeta,
464 1628 507 1668 id
537 1628 626 1684 ipse
659 1629 824 1685 assequi
856 1629 998 1684 cupit:
1036 1629 1255 1681 „veridicis
1285 1629 1415 1683 igitur
1445 1630 1641 1685 purgavit
1672 1643 1765 1685 pec-

147 1708 239 1746 tora
285 1705 430 1759 dictis,
479 1710 520 1746 et
566 1706 692 1747 finem
726 1707 871 1748 statuit
904 1706 1150 1762 cuppedinis
1180 1711 1305 1762 atquc
1337 1707 1519 1760 timoris,
1552 1708 1765 1763 exposuit-

147 1796 228 1838 que
270 1782 426 1824 bonum
470 1797 706 1837 summum,
753 1798 833 1840 quo
873 1784 1081 1825 tendimus
1114 1798 1284 1837 onmes,
1332 1785 1591 1840 quidforet,
1639 1789 1764 1841 atque

145 1861 259 1902 viam
304 1862 584 1916 monstravit,
631 1863 800 1903 tramite
846 1877 975 1918 parvo
1007 1877 1089 1918 qua
1120 1876 1336 1918 possemus
1368 1862 1420 1903 ad
1452 1862 1494 1903 id
1525 1866 1638 1903 recto
1670 1876 1764 1903 con-

145 1937 319 1979 tendere
366 1953 517 1993 cursu,
565 1940 718 1995 quidve
756 1941 913 1981 malum
944 1940 1051 1981 foret
1082 1940 1125 1981 in
1156 1940 1280 1981 rebus
1310 1941 1547 1982 mortalibu'
1579 1941 1762 1996 passim,

146 2030 228 2072 quo
269 2016 390 2057 fieret
430 2017 611 2058 naturali
658 2018 851 2074 varieque
898 2019 1058 2059 volaret
1103 2032 1177 2059 scu
1215 2033 1312 2059 casu
1345 2032 1418 2059 seu
1448 2018 1517 2072 vi,
1564 2018 1674 2074 quod
1705 2018 1762 2060 sic

146 2098 297 2136 natura
327 2100 516 2150 parasset
539 2099 595 2148 ¹),
639 2100 680 2136 ct
712 2096 862 2151 quibus
894 2109 916 2136 e
948 2096 1078 2151 portis
1111 2096 1269 2137 occurri
1301 2097 1450 2152 cuique
1482 2096 1674 2148 doceret,
1721 2100 1763 2138 et

146 2186 283 2227 genus
334 2172 565 2214 humanum
614 2173 769 2215 frustra
819 2174 1065 2229 plerumque
1114 2174 1306 2229 probavit
1355 2175 1524 2216 volvere
1570 2188 1763 2216 curarum

146 2249 277 2290 tristis
306 2249 350 2291 in
381 2254 552 2305 pectora
582 2251 732 2291 fluctus
763 2265 860 2291 nam
892 2251 958 2292 vel
990 2251 1052 2291 uti
1083 2251 1203 2307 pucri
1235 2250 1446 2306 trepidant
1477 2256 1602 2307 atque
1624 2251 1762 2293 omnia

146 2327 281 2369 caecis
322 2327 362 2368 in
396 2328 583 2369 tenebris
613 2333 836 2382 metuunt,
879 2329 937 2369 sic
968 2343 1043 2369 nos
1074 2329 1117 2369 in
1148 2329 1241 2369 luce
1274 2329 1469 2369 timemus
1499 2329 1608 2370 inter
1640 2329 1760 2383 dum,

145 2405 231 2446 nilo
263 2419 369 2461 quae
402 2410 498 2447 sunt
528 2406 756 2448 metuenda
786 2407 919 2460 magis
961 2420 1085 2462 quam
1117 2419 1224 2461 quae
1256 2407 1374 2462 pueri
1404 2407 1447 2447 in
1478 2407 1661 2448 tenebris
1691 2421 1761 2462 pa-

145 2482 281 2523 vitant
311 2483 559 2539 finguntque
590 2483 756 2524 futura.
789 2482 900 2524 hunc
932 2483 1060 2537 igitur
1091 2487 1292 2524 terrorem
1323 2484 1452 2525 animi
1484 2484 1760 2540 tenebrasque

144 2564 356 2602 necessest
399 2575 483 2602 non
514 2560 620 2602 radii
652 2561 750 2602 solis
779 2575 857 2602 nec
887 2561 1026 2603 lucida
1057 2561 1142 2603 tela
1173 2561 1255 2603 diei
1288 2561 1539 2616 discutiant,
1586 2561 1659 2603 sed
1689 2576 1760 2604 na-

144 2640 264 2679 turae
295 2638 456 2693 species
486 2638 707 2695 ratioque''
729 2639 777 2692 2).

188 2749 213 2790 ¹)
260 2749 300 2781 Id
322 2753 389 2781 est:
416 2749 494 2791 quid
515 2749 643 2791 proprie
666 2753 773 2782 essent
794 2750 900 2789 mala,
925 2760 1008 2792 quae
1031 2750 1125 2783 nobis
1147 2750 1338 2783 mortalibus
1361 2751 1605 2793 contingerent,
1629 2751 1758 2790 docuit,

145 2821 251 2853 quove
283 2811 426 2843 naturali
459 2823 536 2844 casu
566 2822 623 2844 seu
655 2813 847 2845 necessitate
875 2813 989 2844 fierent
1012 2816 1044 2845 et
1066 2813 1101 2844 in
1123 2813 1223 2845 variis
1245 2813 1356 2846 formis
1378 2824 1434 2855 per
1456 2825 1582 2853 aerem,
1606 2814 1760 2856 quoniam

144 2873 244 2906 atomi
266 2878 389 2914 essent,
423 2874 590 2914 volarent,
625 2886 699 2907 eum
728 2886 793 2908 non
827 2875 873 2907 dii
896 2877 951 2908 sed
974 2875 1044 2917 ipsa
1075 2879 1193 2908 natura
1215 2887 1252 2908 ea
1273 2881 1426 2918 parasset.
1471 2877 1523 2909 Ad
1545 2879 1688 2908 naturali
1708 2888 1759 2908 seu

144 2947 216 2968 casu
244 2948 296 2967 seu
317 2939 351 2969 υἱ
373 2937 414 2968 cf.
439 2937 528 2969 Stob.
552 2937 621 2969 Ecl.
645 2937 701 2969 lib.
727 2937 766 2977 I,
800 2940 882 2969 206:
922 2938 1118 2981 Ἐπίκουρος
1141 2939 1214 2972 κατ’
1238 2940 1406 2981 ἀνάγκην,
1431 2941 1517 2972 κατὰ
1540 2941 1755 2982 προαίρεσιν,

144 3000 231 3031 κατὰ
255 2999 364 3041 τύχην
387 2999 470 3031 dixit
492 2998 602 3032 omnia
625 2999 706 3032 fieri.

187 3060 215 3102 ²)
260 3061 332 3101 VI,
359 3063 498 3095 24—41.
