1894 3235
869 198 947 237 153

101 329 230 370 verba
275 329 327 370 ad
372 333 507 370 terrae
547 332 685 370 motus
726 328 996 383 explicandos
1027 329 1309 384 pertinentia,
1356 341 1463 383 quae
1494 326 1563 367 hic
1594 339 1712 381 prae-

102 406 337 447 termittere
367 406 478 446 licet.
540 405 605 446 De
636 405 727 460 ipsa
757 406 924 446 Aetnae
954 406 1108 447 montis
1139 405 1360 460 eruptione
1392 404 1492 460 quid
1524 403 1713 444 docuerit

102 483 262 524 Seneca
292 496 374 523 non
420 481 575 533 refert,
622 495 757 536 neque
804 482 936 535 alius,
980 482 1090 537 quod
1131 482 1295 522 scimus.
1357 481 1504 535 Itaque
1536 479 1713 520 arduum

101 560 219 601 nobis
264 564 328 601 est
373 560 423 601 de
454 559 549 612 his,
583 573 688 614 quae
721 559 961 600 coniectura
993 560 1218 600 divinanda
1249 563 1372 612 sunt,
1421 557 1578 613 aliquid
1609 556 1712 598 certi

100 638 383 693 pronuntiare.
444 637 528 678 Sed
572 641 714 677 tamen
759 652 854 678 cum
901 642 1109 692 postrema
1156 637 1328 692 Epicuri
1366 636 1477 692 apud
1509 636 1712 676 Senecam

99 714 270 756 laudata
312 715 441 755 verba
486 714 666 768 legeris,
709 715 877 755 fatearis
919 729 968 755 ea
999 715 1153 756 indicia
1185 728 1302 767 esse,
1349 714 1499 769 quibus
1530 717 1714 754 statuere

99 806 318 848 possumus
363 792 609 833 Lucretium
654 806 736 832 11011
768 807 843 833 sua
873 793 1045 833 inventa
1075 792 1264 845 tradere,
1303 805 1473 832 necesse
1504 790 1624 831 nobis
1654 790 1715 830 vi-

100 869 234 910 detur.
295 869 402 910 Sunt
446 869 578 910 haec:
630 869 827 920 „fortasse
875 869 1008 910 calida
1052 870 1116 910 vis
1147 870 1317 924 spiritus
1348 870 1391 909 in
1421 869 1565 923 ignem
1595 881 1715 908 versa

100 951 142 987 et
186 946 351 987 fulmini
392 947 538 986 similis
570 960 665 986 cum
695 960 849 1000 magna
881 951 1019 1000 strage
1052 947 1307 987 obstantium
1338 946 1494 997 fertur,
1541 944 1715 984 fortasse

98 1024 305 1079 palustres
362 1028 404 1064 et
454 1024 640 1064 iacentes
694 1024 848 1079 aquas''
883 1024 1012 1078 (apud
1043 1023 1319 1075 Lucretium,
1358 1027 1530 1078 propter
1559 1022 1715 1062 montis

98 1102 265 1143 Aetnae
295 1115 425 1157 prope
457 1116 572 1142 mare
604 1102 742 1154 situm,
775 1116 850 1157 pro
882 1101 946 1142 his
977 1102 1102 1142 maris
1124 1115 1256 1156 aquae
1279 1103 1514 1149 sumuntur)
1542 1099 1716 1154 „aliquis

100 1180 223 1220 flatus
253 1179 434 1234 impellit
465 1184 507 1220 et
537 1179 634 1220 inde
666 1184 738 1220 aut
768 1180 875 1220 ictus
906 1184 1059 1220 terram
1091 1179 1226 1234 quatit
1257 1182 1329 1219 aut
1351 1178 1520 1233 spiritus
1542 1177 1716 1231 agitatio

100 1257 191 1312 ipso
235 1262 353 1298 motu
399 1271 588 1298 crescens
634 1261 675 1297 et
707 1271 750 1298 se
780 1258 960 1298 incitans
991 1257 1042 1297 ab
1074 1257 1158 1297 imo
1189 1257 1231 1297 111
1264 1271 1424 1296 summa
1458 1269 1590 1311 usque
1622 1269 1716 1310 per-

97 1334 270 1375 fertur”.
329 1335 500 1375 Nullam
532 1340 695 1387 tamen,
738 1335 854 1376 addit
892 1335 1075 1388 Seneca,
1116 1334 1178 1374 illi
1209 1335 1348 1389 placet
1379 1348 1546 1374 causam
1577 1337 1716 1374 motus

101 1426 192 1454 esse
232 1413 434 1454 maiorem
467 1427 591 1468 quam
623 1413 815 1468 spiritum
829 1450 833 1463 ,
885 1412 994 1468 quod
1026 1412 1272 1453 Lucretium
1304 1411 1509 1452 affirmare
1541 1411 1625 1452 iam
1656 1411 1716 1451 vi-

101 1489 250 1530 dimus.
312 1489 424 1544 Ergo
471 1494 655 1530 statuere
695 1504 915 1545 possumus
960 1490 1206 1531 Lucretium
1247 1490 1495 1544 magistrum
1527 1492 1717 1529 secutum

99 1581 190 1609 esse
219 1568 262 1607 in
293 1567 371 1620 iis,
404 1581 510 1623 quae
542 1567 595 1608 ad
626 1567 923 1623 explicandum
952 1567 1030 1608 hoc
1061 1567 1382 1622 phaenomenon
1413 1566 1636 1622 pertinent.

156 1644 273 1685 Inter
319 1648 482 1697 cetera,
529 1658 635 1699 quae
680 1649 806 1699 poeta
837 1644 916 1684 sibi
949 1644 1200 1699 explicanda
1229 1648 1369 1699 putat,
1403 1648 1466 1684 est
1525 1643 1613 1683 Nili
1642 1643 1718 1683 flu-

104 1722 227 1762 minis
269 1736 455 1762 annuum
486 1721 805 1762 incrementum.
868 1722 1126 1763 Graecorum
1158 1722 1438 1777 antiquissimi
1472 1721 1719 1776 scriptores,

99 1798 348 1854 logographi
380 1798 656 1851 Hellanicus,
689 1799 897 1853 Cadmus,
930 1800 1171 1840 Hecataeus
1203 1799 1386 1840 Diodoro
1425 1802 1533 1839 teste
1569 1798 1619 1838 de
1641 1797 1719 1838 hoc

102 1875 396 1931 phaenomeno
441 1876 525 1916 iam
558 1876 836 1931 scripserant,
885 1876 1035 1918 deinde
1067 1877 1310 1917 Herodotus
1341 1880 1383 1917 et
1413 1875 1602 1931 plerique
1634 1875 1717 1915 alii.

99 1953 190 1994 Nec
221 1953 374 1993 mirum
404 1953 510 2006 hoc,
544 1967 638 1994 cum
669 1958 758 1994 tota
788 1953 977 2009 Aegypti
1008 1954 1211 1994 mirabilis
1232 1958 1371 2007 terra,
1404 1967 1499 1994 cum
1520 1966 1657 1994 mores
1678 1956 1720 1992 et

99 2031 187 2072 vita
226 2031 458 2072 incolarum
491 2030 748 2072 Graecorum
780 2031 921 2072 doctos
953 2031 1244 2084 adverterent,
1278 2036 1320 2072 et
1351 2035 1464 2071 terra
1493 2030 1644 2070 merito
1667 2030 1718 2070 ab

100 2108 318 2150 Herodoto
365 2109 520 2150 donum
565 2109 653 2149 Nili
694 2109 942 2164 appelletur.
1004 2110 1121 2150 Inter
1152 2109 1422 2165 philosophos
1453 2108 1720 2149 Democritus

101 2186 226 2227 huius
271 2187 359 2228 Nili
402 2187 651 2228 incrementi
683 2201 828 2227 causas
858 2187 1070 2242 inquirere
1103 2192 1277 2228 conatus
1309 2191 1399 2228 erat
1432 2186 1655 2236 (Diodorus
1685 2186 1719 2226 I.

103 2266 178 2317 39,
224 2265 348 2306 Lucr.
392 2264 468 2305 VI.
519 2266 741 2317 729—04).
802 2265 946 2306 Facile
995 2279 1093 2320 ergo
1136 2265 1339 2306 concedes
1370 2265 1602 2320 Epicurum
1633 2269 1720 2304 tam

101 2341 254 2382 mirum
283 2341 632 2396 phaenomenon,
665 2342 716 2382 ab
740 2346 910 2383 auctore
933 2343 1022 2383 eius
1039 2342 1331 2397 philosophiae
1353 2346 1603 2394 tractatum,
1636 2355 1720 2381 non

101 2419 367 2473 praeteriisse
409 2423 451 2460 et
481 2433 596 2460 more
629 2434 703 2460 suo
735 2420 845 2460 inter
877 2434 1020 2461 omnes
1052 2434 1224 2473 causas,
1272 2434 1378 2475 quae
1410 2419 1719 2472 afferebantur,

101 2510 184 2537 non
215 2511 343 2537 unam
374 2497 504 2537 solam
533 2511 679 2538 veram
713 2498 868 2539 dixisse
900 2498 972 2539 sed
1005 2512 1176 2551 omnes,
1223 2498 1258 2538 si
1287 2497 1410 2538 modo
1443 2511 1537 2538 cum
1567 2496 1720 2552 princi-

102 2573 182 2629 piis
223 2574 314 2614 eius
345 2573 559 2615 doctrinae
589 2589 674 2616 non
704 2581 971 2630 pugnarent,
1013 2590 1147 2631 aeque
1178 2589 1298 2616 veras
1329 2575 1537 2616 habuisse.
1599 2573 1721 2622 Quod

103 2651 137 2692 si
184 2652 464 2705 concesseris,
512 2653 758 2694 Lucretium
804 2659 982 2709 quatuor
1023 2654 1147 2695 huius
1197 2654 1258 2694 rei
1289 2668 1434 2694 causas
1465 2667 1490 2694 a
1518 2652 1719 2706 magistro

102 2732 340 2769 mutuatum
382 2742 495 2782 6336,
527 2743 682 2784 negare
714 2745 798 2771 non
829 2732 996 2786 poteris.
1058 2731 1287 2772 Praeterea
1320 2729 1606 2770 animadverte
1638 2728 1721 2784 pri-

103 2818 215 2845 mam
247 2819 436 2858 causam,
479 2820 603 2861 quam
635 2807 820 2861 profert,
853 2821 942 2848 esse
968 2807 1169 2848 Thaletis.
1230 2807 1544 2847 lucrementum
1566 2805 1655 2846 Nili
1675 2805 1722 2846 fit

103 2882 300 2937 quoniam
331 2886 491 2923 aestate
523 2883 678 2924 etesiae
711 2897 733 2924 e
766 2885 1051 2939 septentrione
1083 2885 1233 2925 flantes
1264 2883 1448 2924 fluminis
1479 2897 1607 2938 aquas
1626 2896 1720 2937 pro-

102 2959 277 3013 hibent,
324 2960 545 3015 quominus
590 2960 763 3001 effluant
809 2966 884 3012 (vs.
929 2963 1180 3015 714—723).
1244 2961 1388 3010 Θαλῆς
1418 2964 1490 3014 μὲν
1522 2960 1622 3013 οὗν,
1665 2961 1723 3009 εἷς

104 3038 189 3080 τῶν
234 3039 333 3080 ἑπτὰ
379 3041 524 3094 σοφῶν
566 3038 906 3092 ὀνομαζόμενος,
947 3044 1045 3095 φησὶ
1091 3042 1190 3089 τοὺς
1232 3041 1394 3088 ἐτησίας
1425 3039 1722 3087 ἀντιπνέοντας
