1921 3235
903 140 983 178 172

131 266 282 324 βιοτῆς
313 272 478 326 χρόνον
508 273 550 313 ἐν
581 275 789 328 ταραχῇσι
821 274 883 313 καὶ
911 270 1087 327 φόβοισι
1108 272 1458 327 ταλαιπωρέουσι,
1488 272 1636 328 ψεύδεα
1657 278 1748 331 περὶ

133 350 207 387 τοῦ
247 347 344 399 μετὰ
382 349 458 397 τὴν
488 347 681 398 τελευτὴν
711 347 1102 401 μυθοπλαστέοντες
1134 352 1295 406 χρόνου
1323 350 1363 404 ¹).
1423 351 1565 406 Ipsam
1595 352 1751 406 allego-

132 422 237 464 riam
267 428 408 465 tamen
439 425 551 480 apud
582 439 653 466 eos
685 440 767 466 non
798 426 1065 480 invenimus,
1111 427 1286 468 fortasse
1318 428 1447 482 igitur
1478 444 1503 470 a
1533 433 1658 484 poeta
1687 433 1751 471 est

135 499 320 543 inventa.
363 502 556 558 Denique
588 516 640 543 ne
672 507 850 544 mortem
881 504 1083 554 timeant,
1115 510 1411 560 argumentum
1443 506 1564 547 affert
1595 506 1750 561 Luere—

135 577 218 619 tius
263 593 405 620 rursus
450 580 635 622 maxime
681 581 893 636 poeticum
931 586 973 623 et
1004 596 1029 623 a
1058 587 1184 638 poeta
1214 583 1387 625 fortasse
1419 588 1646 639 sumptum.
1707 584 1752 626 Si

135 660 314 698 mortem
360 658 540 706 metuis,
587 663 798 699 memento
845 663 887 700 te
932 674 1016 700 non
1047 660 1181 701 solum
1222 661 1341 702 mori.
1401 662 1679 703 Illustrissimi
1711 665 1753 703 et

135 734 355 776 clarissimi
377 735 456 775 viri
474 768 483 789 ,
516 735 688 789 heroes,
721 741 872 792 poetae
891 769 900 790 ,
932 737 1171 793 philosophi
1192 739 1388 779 ultimum
1411 739 1604 780 obierunt
1624 739 1752 794 diem,

135 815 181 852 tu
227 826 300 853 our
339 813 504 854 viveres
550 813 594 854 in
635 813 946 868 aete1·num?²).
1011 817 1203 858 Κάτὲτανε
1245 820 1307 858 καὶ
1345 816 1592 873 Πάτροκλος
1625 820 1646 859 ὅ
1678 836 1752 874 περ

135 892 203 931 σέο
234 889 404 932 πολλὸν
435 891 613 945 ἀμείνων
635 889 676 945 ³).
739 891 920 933 Omnino
951 892 984 933 si
1015 906 1118 948 paee
1149 893 1230 933 frui
1261 893 1337 944 vis,
1370 893 1512 935 desine
1543 895 1754 936 immorta-

133 967 296 1008 litatem
343 967 603 1023 desiderare,
650 983 786 1025 neque
835 970 947 1011 enim
993 984 1126 1023 „nova
1165 970 1346 1012 vivendo
1394 972 1638 1026 procuditur
1669 972 1756 1013 ulla

133 1046 353 1101 voluptas:
396 1047 468 1088 sed
514 1047 613 1088 dum
658 1048 778 1089 abest
823 1048 934 1104 quod
979 1062 1180 1102 avemus,
1224 1048 1267 1089 id
1298 1062 1555 1105 exsuperare
1587 1049 1756 1091 videtur

135 1127 301 1165 cetera:
344 1128 438 1179 post
483 1125 620 1179 aliud,
663 1140 757 1167 eum
789 1126 966 1181 contigit
997 1126 1128 1180 illud,
1179 1140 1379 1180 avemus,
1428 1131 1470 1168 et
1501 1128 1591 1168 sitis
1622 1141 1757 1184 aequa

135 1204 252 1243 tenet
282 1203 384 1243 vitai
415 1216 580 1258 semper
610 1203 792 1245 hiantis''
813 1203 857 1258 )4.
899 1203 1031 1246 “03212
1062 1208 1220 1260 γνῶσις
1253 1206 1360 1260 ὀρθὴ
1391 1210 1464 1246 τοῦ
1495 1208 1624 1258 μηθὲν
1655 1206 1756 1248 εἶναι

135 1280 244 1335 πρὸς
288 1281 395 1334 ἡμᾶς
444 1283 518 1322 τὸν
563 1279 747 1323 θάνατον
794 1281 1066 1324 ἀπολαυστὸν
1111 1288 1219 1324 ποιεῖ
1259 1283 1304 1324 τὸ
1336 1289 1408 1331 τῆς
1439 1283 1548 1332 ζωῆς
1580 1285 1755 1335 θνητόν,

136 1358 211 1400 οὐκ
237 1358 408 1415 ἄπειρον
429 1362 696 1414 προς-τιθεῖσα
720 1360 882 1415 χρόνον
900 1391 909 1411 ,
941 1359 1056 1402 ἀλλὰ
1077 1360 1152 1402 τὸν
1173 1366 1246 1409 τῆς
1269 1360 1502 1412 ἀθανασίας
1524 1361 1755 1418 ἀφελομένη

135 1437 275 1478 πόθον
295 1434 342 1490 ⁵).

193 1513 276 1554 Sed
317 1513 444 1555 etiam
483 1517 650 1570 praeter
695 1515 839 1555 mortis
882 1514 1077 1555 timorem
1118 1514 1252 1556 multa
1298 1518 1423 1569 sunt,
1471 1528 1577 1571 quae
1624 1515 1756 1557 vitam

134 1591 331 1633 miseram
362 1592 517 1633 faciant
553 1595 596 1632 et
631 1591 771 1632 omnia
806 1591 984 1633 eandem
1020 1591 1178 1633 habent
1215 1607 1412 1646 eausam,
1461 1593 1754 1648 ignorantiam.

196 1669 257 1722 „O
302 1669 476 1710 miseras
515 1668 733 1710 hominum
779 1673 971 1723 mentes,
1018 1683 1041 1711 o
1089 1674 1261 1725 pectora
1291 1671 1442 1711 caeca!
1490 1670 1682 1726 qualibus
1711 1670 1756 1712 in

135 1747 321 1789 tenebris
337 1747 449 1789 vitae
467 1748 717 1803 quantisque
734 1747 903 1802 periclis
925 1747 1092 1802 degitur
1112 1747 1190 1789 hoc
1212 1748 1305 1789 aevi
1323 1747 1434 1804 quod
1450 1748 1697 1804 cumquest”
1711 1748 1753 1803 ⁰).

197 1826 478 1881 „Plerumque
520 1825 712 1868 videmus
753 1825 853 1881 quid
885 1825 964 1866 sibi
996 1825 1170 1882 quisque
1202 1826 1307 1867 velit
1337 1825 1524 1880 nescire,
1556 1829 1599 1867 et
1629 1840 1754 1882 quae-

135 1917 227 1945 rere
270 1918 436 1959 semper
480 1907 738 1946 commutare
781 1904 947 1958 locum,
992 1904 1111 1960 quasi
1154 1918 1259 1945 onus
1291 1903 1501 1960 deponere
1532 1904 1689 1959 possit'’
1712 1905 1751 1958 ἶ).

136 1981 192 2022 Et
223 1996 391 2023 causam
422 1996 496 2023 eur
526 1986 612 2023 tam
642 1981 785 2022 miseri
816 1981 926 2035 sint,
964 1995 1038 2022 cur
1072 1985 1216 2034 „tanta
1245 1982 1345 2023 mali
1376 1985 1591 2038 tamquam
1621 1982 1754 2024 moles

134 2059 178 2100 in
225 2065 395 2115 pectore
441 2059 645 2113 constet’'‚
687 2059 883 2114 ignorant
922 2072 1059 2115 neque
1102 2073 1274 2101 noscere
1305 2059 1487 2100 student.
1547 2060 1598 2101 In
1628 2059 1753 2102 rebus

134 2137 329 2179 inanibus
370 2138 499 2179 animi
543 2142 750 2194 quaerunt
780 2152 954 2193 paoem,
1004 2138 1162 2191 „morbi
1194 2138 1292 2194 quia
1322 2152 1490 2179 causam
1522 2152 1604 2179 non
1635 2141 1753 2180 tenet

135 2230 288 2271 aeger3
322 2231 447 2272 quam
476 2216 584 2257 bene
615 2216 649 2257 si
681 2216 849 2270 videat,
896 2216 979 2256 iam
1010 2216 1134 2257 rebus
1165 2216 1341 2272 quisque
1372 2217 1528 2257 relictis
1559 2220 1752 2257 naturam

135 2295 316 2351 primum
358 2295 524 2336 studeat
570 2308 820 2349 cognosc-ere
863 2308 1027 2348 rerum,
1074 2294 1274 2349 temporis
1320 2294 1480 2335 aeterni
1527 2294 1750 2350 quoniam,

135 2387 219 2414 non
250 2373 374 2414 unius
405 2373 560 2427 horae,
607 2373 835 2428 ambigitur
865 2377 1020 2426 status,
1067 2372 1110 2413 in
1142 2386 1223 2428 quo
1256 2373 1309 2413 sit
1340 2372 1587 2414 mortalibus
1618 2372 1751 2414 omnis

180 2637 204 2674 ¹)
254 2636 342 2667 Stob.
368 2636 454 2668 Flor.
484 2637 564 2674 120,
590 2637 639 2667 20.

179 2699 202 2737 2)
249 2699 331 2740 ΙΙΙ,
360 2701 440 2730 1024
464 2709 551 2741 seqq.

179 2762 201 2800 3)
247 2762 346 2794 Hom.
372 2762 413 2794 Il.
438 2766 482 2801 Φ,
511 2762 581 2795 107.

178 2825 202 2865 ⁴)
249 2825 329 2864 111,
356 2827 434 2856 1081
459 2835 548 2866 seqq.

177 2888 201 2928 ὃ)
251 2888 292 2919 D.
317 2887 355 2919 L.
381 2887 446 2926 Χ,,
474 2889 543 2918 124.

177 2951 206 2988 a)
251 2950 309 2989 ΙΙ,
336 2953 374 2982 14
397 2960 485 2992 seqq.

177 3012 201 3050 ⁷)
248 3012 323 3051 111,
349 3014 427 3045 1057
452 3023 539 3054 seqq.
