1894 3235
960 118 1012 158 74

175 266 282 308 quae
329 267 438 294 nunc
484 253 529 294 in
559 256 700 294 nostro
731 251 970 294 dominatur
1011 266 1183 308 corpore
1222 255 1322 293 nata
1353 265 1407 293 ex
1438 251 1537 305 illa,
1569 265 1676 308 quae
1707 255 1797 293 tum

175 330 301 385 periit
330 330 486 386 partita
515 344 591 386 per
622 330 764 370 artus”
789 327 829 382 ¹).
892 329 1114 370 Lucretius
1146 329 1276 384 igitur
1307 342 1330 369 e
1362 342 1436 370 sua
1457 328 1588 384 ipsius
1610 328 1798 370 doctrina

174 406 242 448 hic
274 408 431 463 profert
467 411 738 462 argumenta,
771 407 922 462 quibus
953 408 1213 449 adversarios
1244 408 1480 463 impugnet,
1498 421 1581 448 non
1599 411 1798 463 reputans

176 499 247 527 eos
277 487 416 528 animo
447 486 708 527 materialem
740 489 934 526 naturam
966 486 1219 527 abiudicare.
1267 487 1397 528 Porro
1421 486 1454 526 si
1477 485 1537 526 illi
1561 485 1798 541 philosophi

176 569 349 605 censent
391 564 576 605 animum
613 564 655 604 in
689 577 839 618 corpus
869 577 1025 605 novum
1057 565 1285 606 intrantem
1317 564 1506 606 oblivisci
1538 577 1645 620 quae
1675 567 1800 606 antea

175 641 214 681 ei
245 641 499 696 contigerint
516 640 572 694 ²),
616 641 695 682 hoc
727 641 901 696 paulum
932 641 1050 683 abest
1082 656 1106 683 a
1135 647 1294 696 morte,
1327 657 1422 683 cum
1453 643 1513 683 ita
1542 641 1697 683 mentis
1728 655 1799 682 na-

174 721 269 759 tura
299 721 486 758 mutetur
503 715 545 771 3).
597 718 816 774 „Denique
848 717 1028 759 conubia
1059 717 1112 759 ad
1143 718 1325 760 Veneris
1356 723 1585 774 partusque
1616 718 1798 759 ferarum

175 808 265 835 esse
298 795 458 836 animas
484 799 650 850 praesto
684 795 962 836 deridiculum
994 809 1084 837 esse
1116 795 1312 850 videtur,
1351 801 1598 852 exspectare
1630 796 1799 836 immor-

171 872 267 914 talis
311 873 504 914 mortalia
534 873 723 915 membra
754 873 972 914 innumero
1003 886 1204 926 numero,
1252 877 1501 929 certareque
1544 885 1796 928 praeprope-

172 955 315 992 ranter
359 951 469 992 inter
501 965 544 992 se
575 966 681 1008 quae
719 952 855 1008 prima
885 952 1184 1007 potissimaque
1216 951 1474 1006 insinuetur;
1507 952 1541 992 si
1572 965 1656 992 non
1687 951 1794 992 forte

174 1029 234 1070 ita
264 1034 360 1070 sunt
391 1030 627 1071 animarum
658 1030 829 1072 foedera
858 1034 1009 1086 pacta,
1042 1035 1088 1071 ut
1120 1043 1226 1086 quae
1257 1030 1394 1086 prima
1414 1029 1560 1070 volans
1581 1028 1800 1071 advenerit

173 1106 410 1148 insinuetur
454 1107 618 1162 prima,
664 1122 801 1164 neque
848 1109 959 1149 inter
1004 1122 1048 1149 se
1080 1108 1335 1149 contendant
1375 1107 1536 1148 viribus
1567 1107 1729 1148 hilum'’
1751 1108 1798 1161 4).

174 1183 306 1226 Hisce
346 1185 496 1226 iocosis
527 1186 740 1240 versibus,
789 1201 892 1242 quos
922 1186 1121 1228 Lucretio
1152 1186 1232 1242 ipsi
1264 1185 1507 1227 tribuendos
1539 1199 1628 1227 esse
1659 1199 1800 1227 cense-

174 1276 295 1315 mus,
344 1276 488 1304 eorum
539 1263 686 1304 irridet
733 1264 1002 1319 opinionem,
1049 1264 1119 1319 qui
1166 1264 1328 1305 animos
1359 1268 1456 1305 ante
1487 1264 1624 1319 ipsum
1654 1266 1800 1304 natum

174 1353 324 1395 corpus
355 1340 439 1382 iam
471 1346 637 1396 praesto
670 1355 761 1382 esse
792 1342 901 1395 rati,
934 1356 1144 1398 quamque
1176 1342 1359 1383 animam
1391 1356 1513 1383 suum
1545 1341 1623 1382 sibi
1650 1355 1800 1397 corpus

174 1418 332 1473 eligere
375 1423 418 1460 et
449 1420 568 1475 quasi
611 1420 805 1461 fabricari
837 1420 1065 1462 censebant
1087 1419 1133 1474 5).
1195 1420 1307 1461 Illud
1338 1420 1517 1461 afferens
1548 1419 1800 1475 phaenome-

172 1511 257 1538 non
305 1496 356 1538 de
402 1498 618 1539 vermibus
660 1512 682 1539 e
731 1502 912 1540 stercore
943 1502 986 1539 et
1017 1498 1260 1554 corporibus
1291 1498 1469 1554 putridis
1499 1498 1798 1551 nascentibus,

174 1574 224 1615 de
271 1589 352 1631 quo
394 1576 477 1616 iam
526 1576 568 1616 in
610 1576 693 1617 fine
725 1576 820 1617 libri
853 1576 1025 1618 secundi
1057 1590 1191 1618 sermo
1224 1580 1339 1629 erat,
1381 1576 1547 1617 illorum
1578 1575 1799 1617 stultitiam

173 1652 370 1693 ostendit.
431 1652 590 1694 Anima
631 1653 811 1708 vestigia
852 1653 1058 1709 quaedam
1090 1654 1153 1695 sui
1185 1654 1385 1710 relinquit
1416 1654 1459 1694 in
1491 1667 1662 1708 corpore
1692 1667 1800 1694 mor-

173 1734 272 1783 tuo,
314 1730 427 1771 unde
459 1735 635 1786 apparet
665 1732 780 1772 illam
811 1745 895 1772 non
927 1745 1018 1772 esse
1049 1732 1358 1785 immortalem,
1405 1731 1601 1787 quoniam
1632 1731 1695 1772 sui
1727 1731 1800 1772 ali-

172 1806 272 1863 quid
317 1807 361 1848 in
406 1822 578 1863 corpore
622 1808 823 1864 relinquit
870 1808 1016 1859 (libata
1063 1808 1237 1849 recessit
1280 1809 1389 1862 714).
1451 1808 1525 1850 Sin
1569 1807 1798 1850 contendas

173 1899 302 1927 novas
333 1900 424 1927 esse
455 1887 616 1928 animas
645 1887 689 1927 in
720 1887 803 1927 illis
835 1886 1147 1939 animantibus,
1180 1887 1368 1942 explices
1399 1900 1570 1928 necesse
1602 1890 1693 1940 est,
1726 1900 1799 1928 cur

172 1962 342 2004 tandem
389 1963 431 2003 in
477 1963 582 2004 haec
630 1968 703 2004 aut
744 1963 826 2004 alia
858 1977 1032 2019 corpora
1062 1963 1227 2005 animae
1259 1964 1552 2015 insinuentur,
1597 1977 1694 2004 nam
1726 1977 1799 2004 cur

173 2041 250 2082 sibi
284 2041 470 2082 facerent
502 2056 675 2097 corpora
706 2042 870 2083 animae
899 2056 994 2083 cum
1016 2047 1138 2083 extra
1160 2056 1309 2097 eorpus
1329 2042 1536 2083 feliciores
1559 2042 1733 2083 essent?
1751 2043 1796 2095 ⁰).

172 2119 354 2160 Animae
396 2133 473 2161 nec
515 2119 676 2160 semina
707 2119 952 2161 animalium
983 2124 1192 2161 venantur
1222 2121 1343 2173 (727)
1375 2133 1452 2161 nec
1484 2119 1679 2175 perfectis
1711 2133 1797 2160 cor-

218 2304 240 2343 “)
286 2303 341 2335 Vs.
367 2304 546 2337 677—711.

214 2367 240 2407 Ἰ)
289 2366 436 2399 Platonis
460 2367 540 2408 Rep.
566 2367 607 2398 X.
633 2369 693 2398 621
719 2368 757 2398 A.
783 2365 914 2398 Phaedo
938 2366 977 2399 76
1001 2376 1025 2397 c.

215 2430 240 2467 ³)
287 2429 343 2461 Vs.
369 2431 526 2463 670—78.

216 2493 241 2534 4)
289 2492 344 2524 Vs.
372 2495 529 2526 776-—83.

216 2556 242 2596 ⁵)
291 2555 402 2587 Simile
432 2556 532 2597 quid,
564 2567 628 2588 non
658 2556 765 2594 idem,
795 2556 881 2596 apud
912 2555 994 2586 Plat.
1025 2554 1145 2586 Phaed.
1181 2556 1218 2588 78
1250 2555 1298 2593 D,
1329 2555 1355 2587 εἰ
1385 2557 1447 2598 γὰρ
1471 2555 1535 2595 ῥέοι
1559 2557 1596 2587 τὸ
1621 2557 1713 2595 σῶμα
1739 2555 1793 2585 καὶ

173 2620 385 2653 ἀπολλύοιτο
420 2620 467 2651 ἔτι
503 2620 628 2657 ζῶντος
663 2621 721 2651 τοῦ
758 2620 955 2661 ἀνθρώπου.
993 2620 1070 2651 ἀλλ’
1106 2618 1240 2660 ἡψυχὴ
1265 2619 1313 2650 ἀεὶ
1340 2621 1376 2651 τὸ
1401 2617 1690 2658 κατατριβόμενον
1713 2617 1793 2649 ἀνυ-

173 2680 281 2722 φαίνοι
317 2682 504 2724 ἀναγκαῖον
535 2683 624 2723 μέντ’
659 2683 701 2714 ἂν
738 2684 786 2720 εἴη
821 2681 867 2713 ait
895 2681 1021 2719 Cebes,
1055 2681 1182 2712 animus
1206 2692 1321 2721 corpus
1345 2681 1407 2713 sibi
1431 2680 1619 2712 fabricatur.
1666 2678 1796 2712 Platoni

173 2744 333 2785 placuisse
356 2744 485 2777 videtur
503 2744 627 2777 animos
643 2745 744 2776 fuisse
759 2749 834 2776 ante
850 2755 965 2785 corpus
982 2747 1094 2776 natum
1109 2756 1115 2775 :
1140 2744 1224 2776 hanc
1240 2748 1347 2775 tamen
1365 2743 1541 2776 doctrinam
1560 2742 1607 2774 ita
1622 2741 1794 2780 describit,

174 2807 296 2849 mythis
331 2813 363 2840 et
386 2808 505 2839 fabulis
532 2807 686 2839 adhibitis
700 2832 707 2845 ‚
743 2811 781 2838 ut
803 2807 859 2838 vix
884 2807 988 2839 videri
1011 2807 1131 2847 possit,
1165 2817 1248 2848 quae
1271 2806 1399 2847 propria
1422 2805 1464 2837 sit
1486 2805 1555 2837 eius
1578 2804 1697 2845 opinio.
1744 2804 1794 2836 cf.

175 2870 326 2907 Karsten,
367 2869 610 2911 Vei-handeling
633 2880 709 2901 over
733 2869 957 2910 Palingenesie
988 2879 1028 2900 en
1055 2868 1369 2910 Metempsychosis,
1403 2879 1476 2909 pag.
1501 2871 1559 2905 40,
1598 2871 1648 2898 41.
1673 2866 1793 2898 Phaed.

175 2944 204 2972 p.
230 2935 267 2964 81
293 2944 382 2973 seqq.
409 2933 510 2973 Gorg.
535 2938 619 2964 extr.
645 2944 675 2973 p.
701 2935 762 2964 523
787 2943 873 2974 seqq.
899 2932 1035 2963 I’haedr.
1059 2943 1091 2973 p.
1117 2934 1188 2964 248.
1237 2931 1375 2972 Republ.
1400 2931 1430 2962 X
1448 2954 1456 2969 ‚
1480 2941 1511 2971 p.
1536 2933 1597 2961 618
1620 2940 1708 2971 seqq.

216 2995 242 3037 6)
290 2995 344 3026 Vs.
371 2997 527 3027 713—40.
