1894 3235
925 127 973 166 71

141 257 314 313 losopho
359 272 442 299 non
473 258 714 312 dissentire,
746 273 880 314 neque
912 259 965 300 ad
997 258 1228 300 doctrinam
1261 258 1350 299 eius
1381 258 1608 314 quidquam
1639 258 1752 300 addi-

143 334 273 388 disse,
320 349 455 391 neque
487 349 592 391 quae
634 336 783 376 vitiosa
814 337 896 377 sint
928 336 1196 377 emendasse:
1243 335 1348 376 nihil
1379 335 1477 376 fecit
1507 350 1631 391 quam
1663 337 1752 377 eius

141 412 448 468 philosophiam
501 413 768 468 interpretari
818 414 976 468 optima
1017 428 1111 455 cum
1152 413 1246 454 fide.
1307 413 1377 454 Ad
1421 418 1612 468 partem,
1670 428 1752 469 qua

141 490 326 530 animum
357 490 575 531 mortalem
607 503 697 531 esse
730 490 1014 544 demonstrat,
1046 496 1318 532 transeamus.

197 566 265 607 Ex
286 567 337 608 iis
355 600 364 620 ,
388 581 493 623 quae
514 567 793 622 praecedunt,
817 568 966 623 cuique
987 568 1149 623 patebit
1169 601 1178 621 ,
1210 567 1508 623 philosophum
1526 600 1535 621 ,
1561 567 1626 608 cui
1646 567 1751 608 haec

139 644 400 699 placuerint,
447 645 614 686 omnino
645 646 783 686 animo
818 646 1176 686 immortalitatem
1223 645 1408 686 tribuere
1439 659 1522 686 non
1552 645 1749 700 potuisse.

140 721 224 762 Sed
245 726 386 763 tamen
408 723 630 764 Lucretius
652 737 821 778 operam
843 723 957 764 dedit
975 726 1048 775 (vs.
1064 724 1306 776 417—828)
1329 756 1338 775 ,
1356 728 1403 763 ut
1421 723 1548 763 animi
1559 731 1751 764 naturam

138 799 324 840 nativam
369 814 416 841 ac
461 801 681 842 mortalem
723 815 812 841 esse
843 801 986 841 multis
1017 801 1276 855 argumentis
1308 801 1638 853 demonstraret,
1670 814 1750 856 quo

138 876 247 917 facto
293 878 488 932 sperabat
523 892 567 919 se
599 892 762 919 omnem
794 879 938 919 mortis
970 879 1163 919 timorem
1195 892 1249 919 ex
1279 878 1493 919 hominum
1525 878 1647 919 corde
1679 891 1750 918 ex-

138 954 355 1008 pulsurum
388 969 490 996 esse.
524 956 673 997 Omnia
705 964 858 1008 autem,
889 969 994 1011 quae
1016 956 1186 1010 profert,
1209 960 1457 1009 argumenta
1476 955 1520 995 in
1539 955 1590 996 iis
1613 956 1750 996 nitun-

138 1038 225 1086 tur,
267 1047 373 1088 quae
419 1047 542 1088 supra
589 1033 639 1073 de
685 1034 823 1074 animo
856 1033 963 1073 dixit
1001 1042 1043 1073 et
1073 1033 1197 1088 plane
1231 1047 1327 1074 cum
1359 1033 1533 1088 Epicuri
1564 1033 1751 1074 doctrina

138 1115 385 1165 congruunt.
445 1111 559 1151 Num
605 1115 745 1151 tamen
788 1111 927 1151 omnia
968 1124 1022 1151 ex
1068 1110 1240 1165 Epicuri
1272 1110 1437 1166 scriptis
1469 1111 1749 1166 excerpserit,

136 1187 210 1228 vix
256 1187 462 1229 affirmare
508 1202 726 1243 possumus
772 1188 1101 1242 fragmentorum
1145 1188 1357 1243 paucitate
1388 1187 1609 1243 impediti:
1659 1188 1749 1243 ipse

140 1269 282 1306 autem
328 1265 428 1306 dicit
473 1279 523 1306 ea
571 1265 828 1320 „conquisita
874 1265 944 1305 diu
986 1265 1179 1320 dulcique
1227 1266 1347 1318 (esse)
1379 1270 1547 1320 reperta
1578 1265 1747 1306 labore''

142 1344 274 1396 (419),
306 1343 456 1398 quibus
472 1343 611 1383 verbis
629 1343 825 1383 docemur
841 1348 995 1398 quanta
1016 1343 1219 1383 industria
1239 1343 1282 1382 in
1301 1342 1408 1384 hanc
1432 1343 1567 1398 operis
1588 1348 1750 1398 partem

139 1420 379 1461 incubuerit
423 1424 577 1476 poeta,
624 1426 748 1476 atque
792 1434 841 1461 ea
872 1430 1120 1474 argumenta
1149 1434 1233 1461 non
1265 1419 1461 1475 deinceps
1493 1434 1547 1461 ex
1577 1420 1751 1476 Epicuri

136 1498 254 1539 libris
285 1502 375 1554 περὶ
408 1501 571 1554 φύσεως
603 1499 873 1554 transscripta.
905 1512 994 1539 esse
1021 1500 1063 1552 ¹).

193 1576 384 1617 Primum
428 1577 578 1631 probat
624 1577 809 1617 animinn
849 1577 907 1617 ita
955 1590 1049 1616 cum
1081 1590 1252 1631 corpore
1284 1577 1552 1617 coniunctum
1583 1590 1672 1617 esse
1704 1581 1750 1617 ut

137 1668 222 1694 una
267 1668 361 1694 cum
408 1668 456 1694 eo
501 1654 638 1695 varias
685 1654 832 1694 subeat
876 1654 1157 1706 mutationes,
1197 1654 1307 1709 quod
1338 1668 1463 1709 supra
1492 1654 1576 1695 iam
1606 1654 1749 1709 paucis

135 1731 337 1772 indicavit
383 1737 458 1782 (vs.
506 1733 760 1784 417—668).
809 1731 933 1772 Vasis
978 1731 1146 1785 imagO,
1196 1733 1278 1772 440
1310 1745 1422 1787 seqq.
1455 1746 1550 1772 cum
1582 1732 1748 1773 omnino

135 1809 292 1867 optime
324 1810 534 1864 exprimat
564 1809 869 1864 Epicureorum
914 1809 1180 1864 opinionem,
1214 1810 1285 1865 qui
1317 1810 1446 1851 animi
1474 1817 1635 1851 atomos
1663 1824 1749 1851 cor-

133 1901 233 1942 pore
279 1887 484 1929 contineri
529 1887 753 1939 volebant,
801 1901 896 1928 cum
942 1888 1072 1928 Stoici
1118 1888 1303 1928 animum
1346 1888 1532 1929 dicerent
1564 1889 1748 1943 corporis

134 1969 294 2006 atomos
324 1965 561 2018 continere,
598 1965 763 2020 saepius
794 1965 845 2006 ab
877 1979 925 2006 eo
956 1973 1180 2020 usurpatur
1211 1970 1254 2006 et
1285 1965 1336 2006 ab
1368 1966 1459 2006 aliis
1490 1966 1749 2022 philosophis

134 2042 211 2096 (Cf.
242 2043 381 2084 Mum.
414 2042 467 2084 ad
496 2057 556 2083 vs.
590 2044 704 2095 440).
738 2043 873 2083 Simili
904 2044 1088 2098 imagine
1121 2048 1162 2084 et
1194 2043 1341 2084 eodem
1373 2050 1618 2098 argumento
1650 2044 1749 2100 Epi-

136 2135 282 2162 curum
314 2135 436 2162 usum
467 2134 557 2161 esse
590 2120 704 2162 Stob.
738 2121 827 2162 Ecl.
859 2136 898 2176 p.
934 2123 1014 2162 922
1047 2125 1250 2161 testatur:
1289 2124 1362 2173 7,Εἰ
1396 2120 1436 2164 δὲ
1467 2124 1749 2177 παρέσπαρται

131 2203 204 2252 μὲν
238 2202 300 2241 καὶ
333 2199 489 2241 ἔνεστιν
526 2200 550 2247 ἡ
581 2201 698 2254 ψυχὴ
730 2203 786 2255 τῷ
818 2200 971 2252 σώματι
1003 2200 1184 2254 καθάπερ
1217 2201 1259 2240 ἐν
1291 2199 1405 2254 ἇσκῲ
1436 2205 1592 2252 πνεῦμα
1623 2218 1749 2254 περιε-

133 2278 287 2331 χομένη
333 2275 356 2324 ἢ
403 2277 707 2332 συμμιγνυμένη
753 2277 860 2331 πρὸς
892 2276 1020 2326 αὐτό,
1066 2279 1128 2317 καὶ
1161 2278 1424 2330 ἐγκινουμένη
1456 2277 1591 2330 ὥσπερ
1623 2277 1671 2317 τὰ
1704 2278 1747 2318 ἐν

133 2356 190 2408 τῷ
234 2354 318 2408 ἀέρι
366 2352 550 2407 ξύσματα
597 2353 661 2397 διὰ
706 2358 790 2396 τῶν
837 2353 1020 2409 θυρίδων
1053 2355 1302 2409 φαινόμενα,
1352 2352 1482 2403 δῆλόν
1513 2372 1594 2396 που
1625 2359 1748 2396 τοῦτο

136 2431 198 2471 ὅτι
244 2428 389 2477 ’ἔξεισιν
428 2435 501 2483 μὲν
547 2430 629 2473 ἀπὸ
661 2436 734 2473 τοῦ
769 2432 986 2484 σώμαϊος7
1029 2433 1070 2472 ἐν
1103 2429 1142 2473 δὲ
1174 2434 1231 2486 τῷ
1263 2430 1468 2486 ἐκβαίνειν
1501 2429 1749 2486 διαφορεῖται

134 2509 197 2547 καὶ
239 2504 571 2550 διασκεδάννυται
602 2506 862 2561 (578-619.)
881 2540 892 2558 ,
933 2510 1067 2563 ὥσπερ
1113 2509 1373 2563 Δημόκριτος
1405 2511 1466 2549 καὶ
1498 2509 1748 2563 Ἐπίκουρος

135 2582 415 2638 ἀποφαίνεται.
474 2584 638 2626 Deinde
682 2585 776 2637 (hoc
808 2586 986 2627 alterum
1019 2591 1081 2626 est
1112 2586 1419 2639 argumentum)
1451 2599 1546 2625 cum
1577 2599 1747 2641 corpore

178 2800 200 2839 ¹)
248 2799 408 2830 Refellere
430 2798 511 2829 mihi
534 2798 663 2830 videtur
684 2799 736 2830 hie
760 2810 871 2830 versus
893 2810 966 2830 cum
991 2799 1154 2830 Martham
1179 2799 1221 2839 (le
1244 2799 1358 2839 poeme
1381 2799 1419 2830 de
1436 2799 1577 2830 Lucrece
1593 2802 1652 2830 etc.
1669 2809 1742 2840 pag.

139 2865 206 2899 134)
240 2862 400 2893 dicentem
428 2861 474 2900 „il
502 2872 542 2892 ne
565 2861 624 2893 fait
647 2862 889 2902 probablement
912 2874 974 2904 que
997 2867 1112 2893 mettre
1135 2873 1173 2893 en
1198 2873 1271 2893 vers
1294 2862 1433 2903 quelque
1456 2862 1537 2893 livre
1559 2862 1744 2902 e11icurien’'

134 2929 204 2956 tum
238 2924 348 2955 Munr.
373 2925 606 2956 affirmantem:
643 2925 659 2956 1
683 2925 766 2956 have
789 2936 830 2956 no
852 2925 953 2957 doubt
975 2925 1054 2967 they
1078 2936 1161 2956 were
1184 2925 1228 2955 all
1252 2929 1301 2956 set
1323 2925 1410 2956 forth
1431 2925 1467 2957 in
1489 2936 1549 2957 one
1572 2926 1608 2957 of
1626 2925 1682 2957 the
1706 2927 1744 2958 37

134 2988 233 3019 books
256 2989 293 3019 of
312 2987 472 3028 Epicurus
497 2990 569 3029 περὶ
594 2989 719 3028 φύσεως
746 2989 798 3026 tad
819 2999 866 3019 vs.
892 2991 951 3021 41?
974 2999 1047 3029 pag.
1072 2989 1157 3029 483).
