1894 3235
867 120 919 160 37

86 252 302 293 videmus:
349 252 496 294 eodem
532 253 654 294 modo
690 253 802 293 enim
834 266 955 293 omne
987 252 1167 308 spatium
1197 251 1434 307 primordiis
1466 255 1529 292 est
1560 251 1696 306 reple-

85 334 201 383 tum,
250 345 354 386 quae
400 336 602 386 perpetuo
643 335 889 383 moventur,
937 332 1015 371 etsi
1045 345 1128 371 non
1159 330 1350 371 videmus
1382 329 1531 384 quibus
1562 329 1698 384 plagis

85 408 167 448 sint
214 409 408 449 excitata.
475 409 701 449 Moventur
746 408 874 462 igitur
919 408 1145 463 primordia
1174 408 1356 463 primum
1387 420 1462 462 per
1492 420 1535 447 se
1567 410 1608 447 et
1640 419 1698 447 se-

85 485 286 540 paratim,
334 485 484 526 deinde
528 486 728 526 nonnulla
774 486 1048 526 conciliantur
1090 485 1150 525 ita
1188 489 1235 525 ut
1281 484 1576 539 „parvissima”
1611 497 1698 524 cor—

85 576 187 617 pora
218 563 444 615 exsistant,
477 576 582 618 quae
615 562 712 603 dum
743 567 993 616 moventur,
1025 567 1229 618 perpetuo
1263 562 1355 603 aliis
1378 561 1526 602 atomis
1543 574 1698 615 augen-

85 643 179 693 tur,
211 640 270 681 ita
299 644 345 681 ut
376 640 546 681 tandem
577 640 680 681 haec
713 655 884 695 corpora
915 645 1162 693 nascantur,
1184 654 1290 695 quae
1312 653 1421 680 nunc
1444 639 1636 679 videmus
1655 638 1698 692 ¹).

84 718 167 758 Hic
211 722 348 758 motus
394 722 627 759 atomorum
673 733 887 773 nunquam
934 719 1101 758 initium
1148 717 1297 758 habuit
1339 730 1476 772 neque
1515 729 1699 771 unquam

85 795 291 849 cessabit3
334 810 459 836 causa
500 795 590 836 eius
636 796 746 836 enim
779 799 842 836 est
874 795 1013 849 gravis
1044 798 1195 836 natura
1225 799 1458 835 atomorum
1491 797 1533 834 et
1562 792 1700 833 inanis

83 877 260 926 natura,
307 887 413 928 quae
459 873 509 914 iis
555 878 759 928 perpetuo
790 874 928 914 locum
959 872 1134 928 praebet
1166 886 1242 927 per
1273 885 1397 927 quem
1427 874 1698 923 moveantur,

85 964 140 991 ex
186 950 251 991 his
296 951 426 1005 igitur
479 951 670 1003 „initium
716 951 898 1006 primum
945 951 1056 1005 capit
1087 964 1156 990 res
1189 963 1379 1005 quaeque
1411 946 1699 998 movendi”2).

84 1028 283 1069 Materies
315 1033 356 1070 et
386 1033 524 1069 motus
555 1029 716 1069 secerni
749 1043 831 1069 non
862 1031 1050 1083 possunt.

142 1105 309 1153 Quanta
348 1110 489 1146 autem
521 1106 736 1147 celeritate
769 1106 897 1146 atomi
929 1109 1179 1146 moveantur
1210 1104 1402 1159 patebit,
1456 1103 1489 1143 si
1521 1117 1615 1144 cum
1652 1117 1702 1144 ea

85 1182 182 1222 solis
222 1182 434 1223 radiorum
464 1182 742 1223 mobilitatem
775 1182 1052 1234 conferimus,
1095 1196 1176 1237 qua
1206 1180 1267 1221 illi
1297 1180 1471 1220 minima
1501 1180 1702 1234 temporis

84 1265 203 1316 parte
250 1261 390 1301 omnia
420 1261 464 1300 in
496 1264 608 1301 terra
638 1261 877 1300 illustrant:
924 1264 966 1300 at
998 1259 1127 1300 atomi
1160 1259 1293 1299 multo
1326 1259 1449 1299 citius
1479 1261 1703 1298 moventur

85 1354 179 1380 cum
227 1353 303 1380 nec
336 1354 509 1394 corpora
540 1339 761 1394 complexa
791 1338 874 1379 sint
905 1342 951 1378 ut
981 1337 1111 1388 radii,
1144 1352 1221 1378 nec
1252 1351 1327 1392 per
1357 1337 1543 1377 medium
1574 1336 1701 1392 quod-

87 1417 182 1458 dam
214 1417 287 1458 scd
318 1432 392 1473 per
424 1418 547 1458 inane
579 1417 756 1469 cadant,
789 1417 848 1457 ita
879 1421 926 1456 ut
957 1415 1063 1456 nihil
1094 1416 1147 1456 iis
1177 1416 1345 1456 resistat
1369 1414 1414 1465 3).
1448 1415 1580 1456 Poeta
1610 1429 1702 1470 por-

84 1509 129 1535 ro
151 1495 183 1548 4)
231 1499 373 1537 censet
420 1509 509 1536 esse
542 1494 747 1550 quaedam
779 1494 1095 1549 phaenomena,
1129 1508 1234 1549 quae
1268 1492 1517 1548 discipulum
1549 1508 1573 1534 a
1603 1506 1703 1533 vera

85 1574 247 1615 ratione
293 1578 482 1615 avertere
529 1573 710 1628 possint:
760 1572 866 1613 hanc
913 1572 964 1612 ob
1005 1586 1093 1612 rem
1125 1586 1221 1612 eum
1252 1575 1394 1612 monet
1424 1571 1582 1612 nullam
1613 1584 1702 1611 rem

85 1667 160 1693 sua
192 1653 231 1693 vi
262 1667 425 1692 sursum
456 1652 555 1692 ferri
586 1665 730 1706 pcsse;
763 1665 869 1706 quae
901 1664 1136 1705 repugnare
1169 1653 1313 1690 contra
1333 1648 1440 1690 hanc
1463 1648 1702 1703 opinionem

86 1730 282 1772 videntur
324 1731 462 1785 sagaci
492 1734 633 1771 mente
667 1729 879 1784 explicat,
921 1728 1180 1782 argumentis
1212 1727 1350 1768 allatis
1381 1740 1558 1782 quorum
1590 1725 1702 1766 simi-

85 1808 143 1850 lia
173 1808 286 1864 apud
316 1808 549 1863 Epicurum
579 1822 663 1848 non
694 1807 946 1847 invenimus.

143 1887 299 1928 Mirum
330 1886 450 1927 nobis
480 1886 647 1927 videtur
677 1885 839 1925 nullum
865 1885 1093 1925 multorum
1125 1883 1322 1924 vitiorum
1352 1882 1525 1937 Epicuri
1554 1881 1704 1922 doctri-

86 1979 164 2006 nae
211 1979 235 2005 a
265 1964 462 2006 Lucretio
498 1963 835 2004 animadversum
868 1966 909 2002 et
943 1962 1146 2002 evitatum
1179 1974 1296 2001 esse:
1330 1960 1441 2016 quod
1472 1959 1703 2000 certissimo

86 2043 205 2084 nobis
228 2047 290 2084 est
320 2042 474 2083 indicio
507 2055 602 2082 eum
633 2041 823 2094 magistri
856 2039 1162 2095 philosophiam
1194 2042 1358 2079 tantum
1380 2038 1703 2093 interpretatum

88 2135 200 2174 esse,
247 2120 357 2176 quod
396 2124 616 2175 praeterea
645 2119 913 2174 perspicuum
945 2121 1007 2158 est
1029 2131 1051 2158 e
1073 2117 1173 2158 locis
1194 2116 1301 2157 infra
1322 2130 1347 2157 a
1367 2116 1486 2157 nobis
1507 2115 1701 2156 laudatis.

87 2199 295 2254 Epicurus
342 2198 463 2239 docet
510 2201 669 2238 atomos
717 2200 920 2251 perpetuo
969 2194 1116 2236 cadere
1149 2208 1224 2249 per
1254 2208 1457 2247 vacuum,
1499 2193 1572 2234 sed
1604 2207 1703 2248 quo-

87 2277 209 2318 modo
241 2276 284 2317 id
317 2276 536 2317 concinere
566 2275 698 2330 possit
726 2288 820 2315 cum
853 2273 1030 2325 ceteris,
1062 2285 1168 2327 quae
1202 2271 1348 2324 docet,
1385 2284 1469 2311 non
1505 2269 1703 2325 perspici-

133 2424 156 2462 ¹)
204 2421 293 2454 Stob.
317 2420 390 2452 Ecl.
416 2421 452 2459 I,
477 2422 559 2458 366,
595 2419 793 2460 Ἐπίκουρός
819 2417 946 2459 (φησιν)
973 2417 1190 2456 ἀπερίληπτα
1217 2416 1299 2446 εἶναι
1323 2415 1365 2446 τὰ
1388 2414 1546 2454 σώματα,
1583 2413 1638 2444 καὶ
1662 2413 1703 2444 τὰ

88 2488 205 2523 πρῶτα
228 2486 286 2524 μὲν
309 2484 404 2515 ἁπλᾶ
422 2492 428 2499 ·
446 2485 486 2514 τὰ
510 2482 541 2513 δὲ
566 2483 597 2517 ἐξ
622 2482 752 2513 ἐκείνων
777 2481 986 2522 συγκρίματα
1010 2478 1116 2518 βάρος
1139 2477 1240 2518 ἔχειν.

131 2547 156 2588 2)
205 2546 300 2577 Lucr.
324 2545 360 2583 Ι,
387 2547 469 2583 383,
493 2544 552 2582 ΙΙ,
578 2545 628 2574 92.
653 2543 744 2583 Epic.
769 2542 810 2573 D.
835 2542 874 2573 L.
898 2541 946 2579 X,
971 2543 1033 2579 44,
1059 2541 1148 2581 ἀρχὴ
1172 2538 1203 2571 δὲ
1229 2538 1360 2571 τούτων
1376 2538 1436 2570 οὐκ
1452 2537 1563 2576 ἔστιν,
1588 2536 1703 2568 αἰτιῶν

90 2614 157 2642 τῶν
181 2611 312 2650 ἀτόμων
335 2608 443 2640 οὐσῶν
467 2609 522 2638 καὶ
546 2609 604 2638 τοῦ
629 2608 734 2638 κενοῦ.

132 2672 159 2713 ³)
205 2672 247 2703 D.
272 2672 309 2703 L.
333 2671 387 2708 X,
424 2672 463 2701 46
494 2670 547 2701 καὶ
580 2671 646 2710 μὴν
677 2670 732 2701 καὶ
765 2668 783 2706 ἡ
814 2667 866 2699 δια
890 2669 948 2700 τοῦ
973 2668 1069 2698 κενοῦ
1093 2667 1178 2707 φορὰ
1202 2667 1289 2697 κατὰ
1312 2663 1476 2705 μηδεμίαν
1506 2662 1703 2700 ἀπάντησιν

91 2739 158 2767 τῶν
188 2734 448 2775 ἀντικιιψάντων
472 2732 626 2774 γινομένη
652 2734 723 2763 πᾶν
744 2734 847 2771 μῆκος
871 2732 1083 2771 περιληπτὸν
1105 2729 1140 2760 ἐν
1163 2727 1376 2769 ἀπερινοήτῳ
1404 2727 1514 2767 χρόνῳ
1540 2727 1702 2758 συντελεῖ.

133 2798 158 2840 4)
205 2797 261 2829 Vs.
290 2798 455 2827 165—184
485 2795 549 2826 huc
571 2806 636 2826 non
658 2794 818 2826 referendi
849 2797 934 2825 sunt.
982 2793 1031 2824 Cf.
1056 2791 1188 2823 Lachm.
1215 2792 1341 2831 (comm.
1365 2800 1396 2830 p.
1422 2788 1495 2830 84),
1520 2788 1571 2819 cui
1594 2797 1702 2819 assen-

90 2862 173 2900 tior,
214 2871 409 2903 quamquam
432 2859 527 2890 fateri
564 2869 659 2899 cogor
695 2868 746 2889 me
782 2868 847 2888 non
884 2855 1091 2896 intellegere,
1131 2853 1187 2895 qui
1226 2852 1282 2884 ille
1309 2851 1388 2883 alibi
1416 2852 1574 2882 affirmare
1603 2851 1705 2891 possit

90 2924 210 2956 librum
231 2924 371 2964 primum
395 2933 414 2953 a
436 2926 530 2962 poeta
553 2921 736 2952 absolutum
768 2930 836 2951 esse
872 2919 922 2957 (cf.
962 2929 1075 2950 comm.
1111 2918 1160 2948 ad.
1196 2916 1236 2955 Ι,
1262 2917 1355 2956 922),
1380 2914 1436 2956 qui
1458 2914 1561 2953 liber,
1592 2916 1631 2945 ut
1652 2924 1704 2945 os-

91 2986 274 3025 tendimus,
309 2986 423 3017 iisdem
445 2985 571 3015 laborat
592 2983 682 3015 vitiis
706 2982 823 3024 quibus
846 2981 954 3013 ceteri.
