1894 3235
893 160 943 199 67

113 297 223 337 tiunt
264 309 306 336 se
352 295 442 350 ipso
486 307 657 349 corpore
699 293 882 333 sentire:
928 293 1044 333 nulla
1075 291 1427 333 demonstratione
1460 295 1522 332 est
1553 304 1656 346 opus
1686 291 1724 344 ¹).

114 373 250 414 Multa
292 376 389 413 sunt
429 371 603 412 obscura
647 371 690 410 in
729 369 807 410 hac
850 370 900 410 de
941 370 1210 425 perceptione
1243 368 1442 410 doctrina.
1504 368 1624 409 Haec
1657 367 1726 408 ob-

114 451 288 491 scuritas
320 450 471 505 partim
503 448 779 503 proficiscitur
810 461 864 488 ex
896 447 1170 501 ambiguitate
1201 446 1316 487 vocis
1347 459 1489 487 sensus
1522 447 1581 499 (et
1599 445 1725 486 etiam

114 528 337 580 αἴσθησις).
399 526 550 567 Sensus
597 525 709 565 enim
750 539 773 565 a
816 525 1012 566 Lucretio
1055 528 1280 579 usurpatur
1311 538 1404 565 cum
1436 523 1489 564 ad
1519 523 1727 564 actionem

114 604 320 645 sentiendi
352 603 657 655 denotandam,
690 607 779 642 tum
811 602 862 643 ad
894 603 1101 642 consciam
1133 601 1341 642 sentiendi
1371 601 1457 642 vim
1489 600 1728 655 exprimen-

114 681 232 722 dam:
265 681 413 736 prioris
445 680 562 721 sedes
595 680 731 720 anima
763 693 852 720 esse
885 679 1037 731 debet,
1069 692 1144 733 per
1175 683 1310 719 totum
1342 691 1490 733 corpus
1522 677 1726 732 dispersa,

114 758 285 799 alterius
337 758 520 798 animus:
583 756 837 797 monendum
884 764 1024 796 tamen
1071 760 1134 795 est
1178 765 1346 809 poetam
1393 767 1517 809 saepe
1560 754 1728 794 nomine

113 836 241 877 animi
290 836 470 876 animam
516 835 712 876 indicare.
773 834 885 887 Ergo
928 832 1129 887 explicari
1177 836 1313 886 potest
1358 831 1462 872 haec
1514 831 1727 871 doctrinae

70 904 74 906 λ
114 927 209 968 pars
239 913 314 965 ita,
346 917 393 953 ut
424 926 571 967 corpus
604 912 756 952 sentiat
788 911 973 962 affectus,
1008 910 1077 964 qui
1110 909 1248 950 animo
1278 909 1445 949 demum
1468 913 1509 949 et
1529 909 1572 948 in
1592 908 1729 949 animo

115 991 166 1032 ad
198 990 494 1031 conscientiam
526 990 786 1044 perveniant.
849 988 969 1035 Quod
991 988 1023 1028 si
1045 988 1103 1027 ita
1127 991 1213 1039 est,
1237 986 1404 1027 difficile
1426 991 1567 1027 tamen
1588 990 1731 1027 manet

114 1068 361 1119 intellectu,
409 1067 506 1122 quid
548 1067 770 1108 Lucretius
818 1066 895 1106 sibi
925 1065 1040 1106 velit.
1102 1064 1242 1105 Antea
1274 1064 1381 1104 dixit
1412 1064 1540 1104 animi
1571 1068 1731 1104 atomos

114 1146 222 1187 solas
261 1150 380 1200 aptas
427 1159 515 1186 esse
559 1145 611 1186 ad
642 1144 905 1185 sentiendum
957 1143 1028 1184 sed
1070 1144 1141 1198 qui
1171 1148 1262 1182 tum
1294 1142 1476 1197 corporis
1506 1141 1732 1197 primordia

113 1223 226 1263 idem
251 1223 388 1264 facere
410 1227 610 1278 possunt?
643 1222 687 1263 Si
721 1222 894 1262 dixisset
926 1220 1108 1275 corporis
1139 1219 1365 1274 primordia
1387 1219 1623 1260 necessaria
1641 1232 1731 1259 esse

115 1301 168 1342 ad
210 1315 377 1341 sensum
410 1300 697 1353 efficiendum,
731 1314 825 1340 eum
857 1298 1224 1352 intellegeremus,
1256 1297 1325 1337 vel
1356 1297 1390 1337 si
1422 1297 1628 1337 docuisset
1659 1310 1732 1337 7203

115 1379 314 1431 (animum
346 1378 423 1418 sibi
455 1378 682 1431 conscium)
706 1391 873 1431 corpore
894 1376 962 1416 vel
984 1377 1026 1416 ‘iu
1058 1388 1225 1429 corpore
1246 1375 1418 1415 affectus
1443 1375 1624 1415 sentire:
1660 1373 1733 1414 sed

117 1456 195 1497 hoc
225 1455 362 1511 ipsum
393 1460 518 1510 poeta
549 1459 688 1509 negat.
750 1454 809 1494 At
840 1458 929 1494 tum
962 1453 1198 1508 quaeritur:
1242 1453 1314 1507 qui
1344 1456 1518 1507 possunt
1549 1451 1732 1507 corporis

116 1534 262 1587 atomi,
289 1547 395 1589 quae
423 1547 497 1573 sua
518 1537 667 1574 natura
686 1532 838 1572 sentire
859 1533 1022 1584 (neutro
1041 1530 1209 1585 quidem
1227 1532 1363 1582 sensu)
1382 1534 1619 1585 nequeunt,
1638 1543 1733 1570 cum

116 1611 254 1652 animo
285 1611 344 1651 ita
364 1611 505 1665 iungi,
538 1615 584 1651 ut
605 1611 720 1665 ipsae
743 1610 959 1650 sentiant?
991 1609 1215 1663 praecipue
1239 1621 1332 1648 cum
1354 1607 1520 1648 omnino
1538 1607 1732 1647 immuta-

115 1688 217 1729 bilia
257 1688 339 1728 sint
380 1687 618 1742 primordia.
680 1686 887 1741 Epicurus
927 1686 1086 1726 nullam
1128 1686 1265 1726 lucem
1297 1685 1444 1725 affert:
1492 1685 1550 1725 ait
1582 1684 1733 1725 solum-

116 1765 238 1806 modo
284 1779 432 1820 corpus
473 1765 524 1805 ab
570 1765 707 1805 animo
754 1777 897 1804 sensus
939 1764 1050 1803 illius
1091 1763 1300 1817 particeps
1331 1762 1442 1814 fieri,
1485 1761 1557 1802 sed
1588 1760 1734 1816 quiid

115 1842 207 1883 fieri
237 1842 368 1897 possit
388 1856 470 1882 non
493 1842 690 1896 explicat.
751 1841 944 1881 Fortasse
967 1839 1188 1894 Epicurei,
1212 1838 1322 1894 quod
1343 1838 1507 1893 saepius
1525 1837 1732 1890 fecerunt,

115 1919 159 1959 in
189 1919 267 1961 hac
304 1920 546 1975 quaestione
579 1932 742 1974 quoque
763 1932 959 1959 sensuum
991 1917 1283 1958 auctoritatem
1315 1916 1444 1957 solam
1466 1915 1598 1956 secuti
1620 1919 1729 1955 sunt,

117 1997 303 2052 Quisque
335 1997 462 2038 sentit
483 1997 666 2038 dolorem
688 2011 761 2037 suo
783 2010 953 2051 corpore
973 2028 982 2048 ,
1015 2009 1113 2049 ergo
1136 2009 1284 2049 corpus
1307 1994 1456 2045 sentit,
1486 1993 1564 2034 hoc
1586 1993 1733 2047 negari

116 2088 200 2114 non
244 2078 408 2129 potest:
452 2078 494 2115 at
539 2074 724 2114 animum
771 2087 861 2114 esse
910 2078 951 2114 et
982 2073 1160 2128 primam
1191 2077 1232 2113 et
1262 2072 1429 2112 unicam
1461 2085 1606 2112 sensus
1638 2084 1728 2111 esse

118 2164 286 2191 causam
332 2151 458 2191 etiam
505 2155 690 2203 constat,
737 2151 879 2206 itaque
926 2164 1075 2205 corpus
1120 2164 1205 2190 non
1251 2152 1389 2204 potest
1417 2139 1601 2189 sentire.
1667 2147 1732 2188 Ut

116 2227 220 2269 haec
261 2228 371 2269 inter
411 2242 454 2269 se
487 2229 778 2281 conciliarent,
810 2227 915 2268 nihil
945 2227 1131 2268 restabat
1161 2227 1242 2267 nisi
1274 2231 1320 2267 ut
1352 2227 1538 2267 animum
1569 2225 1732 2280 corpori

119 2319 287 2346 sensum
332 2306 547 2361 impertire
590 2306 876 2346 decernerent.
938 2304 1154 2353 Quomodo
1198 2308 1340 2345 autem
1370 2303 1449 2344 hoc
1480 2303 1570 2345 fieri
1600 2303 1732 2358 possit

117 2397 202 2424 non
231 2383 454 2438 indagasse
486 2384 695 2424 videntur.

175 2460 298 2502 Hanc
344 2461 454 2501 viam
501 2475 572 2502 eos
614 2466 778 2502 secutos
810 2474 900 2502 esse
931 2460 1058 2501 etiam
1099 2463 1278 2500 testatur
1317 2457 1580 2513 exemplum,
1622 2457 1732 2513 quod

119 2537 170 2579 de
206 2539 418 2580 oculorum
453 2539 624 2580 videndi
660 2540 858 2582 facultate
893 2539 1030 2594 prodit
1052 2538 1286 2579 Lucretius.
1355 2536 1598 2577 Sententiae
1620 2535 1731 2576 enim

118 2616 407 2670 Parmenidis,
461 2617 753 2673 Empedoclis,
803 2617 1013 2669 Platonis,
1066 2630 1191 2672 quam
1242 2615 1387 2656 Cicero
1436 2614 1554 2669 Disp.
1607 2614 1730 2654 Tusc.

119 2694 154 2734 I.
207 2695 295 2747 20,
342 2696 394 2735 46
442 2694 503 2735 ita
548 2695 772 2750 exprimit:
834 2709 932 2747 „nos
978 2694 1089 2735 enim
1134 2707 1186 2734 ne
1230 2707 1341 2733 nunc
1387 2691 1555 2746 quidem
1602 2690 1732 2731 oculis

121 2771 328 2812 cernimus
378 2785 454 2824 ea,
501 2786 606 2828 quae
652 2772 855 2813 Videmus.
916 2772 1065 2827 Neque
1115 2774 1179 2811 est
1230 2770 1342 2810 enim
1371 2769 1482 2809 ullus
1514 2782 1658 2808 sensus
1687 2767 1731 2808 in

130 2862 331 2904 corpore,
384 2849 458 2890 sed
500 2882 507 2890 .
545 2882 553 2890 .
588 2882 596 2890 .
639 2849 732 2890 via-e
785 2849 903 2905 quasi
954 2848 1159 2904 quaedam
1213 2851 1310 2888 sunt
1355 2845 1408 2887 ad
1453 2846 1622 2899 oculos,
1679 2844 1733 2887 ad

122 2940 271 2980 aures,
325 2926 378 2968 ad
429 2941 550 2968 nares
607 2941 631 2968 a
676 2926 773 2968 sede
805 2927 932 2968 animi
976 2926 1210 2981 perforatae
1243 2956 1251 2965 .
1286 2956 1294 2964 .
1329 2956 1337 2964 .
1371 2956 1380 2964 .
1412 2927 1460 2964 ut
1504 2923 1626 2964 facile
1671 2923 1732 2963 in-

165 3038 189 3078 ¹)
235 3038 292 3070 Vs.
317 3039 389 3070 355.

1452 3087 1502 3129 5*
