1894 3235
929 109 1009 150 148

153 259 270 299 mus,
311 245 454 301 plures
499 257 645 286 causas
687 242 995 285 enumerandas
1040 257 1157 298 esse,
1205 257 1383 300 quarum
1414 257 1498 285 una
1528 242 1775 299 plerumque

153 337 254 365 vera
285 336 375 364 esse
407 322 572 363 debeat.
638 321 770 374 „Sunt
801 321 961 377 aliquot
983 335 1148 377 quoque
1170 335 1236 363 res
1256 354 1265 374 ,
1288 335 1466 378 quarum
1487 335 1615 362 unam
1637 320 1776 362 dicere

156 415 325 444 causam
355 414 440 442 non
471 400 572 441 satis
604 404 696 453 est,
728 412 876 440 verum
907 399 1067 454 pluris,
1099 399 1211 440 unde
1242 414 1327 441 una
1350 404 1492 441 tamen
1513 399 1595 453 sit;
1627 412 1778 455 corpus

155 485 203 521 ut
234 480 479 522 exanimum
510 478 545 519 si
577 477 688 534 quod
718 478 865 533 procul
895 478 985 534 ipse
1016 478 1152 519 iacere
1174 478 1406 534 conspicias
1426 477 1631 530 hominis,
1663 477 1710 529 fit
1730 480 1778 518 ut

155 557 289 598 omnis
329 556 468 597 dicere
511 569 658 596 causas
700 555 926 596 conveniat
966 554 1067 607 leti,
1111 554 1274 595 dicatur
1314 559 1360 595 ut
1391 555 1504 595 illius
1534 568 1645 595 una:
1680 567 1778 595 nam

155 648 293 690 neque
341 648 439 675 eum
478 633 589 674 ferro
635 646 712 673 nec
759 632 913 688 frigore
953 633 1122 674 vincere
1168 633 1302 688 possis
1348 633 1557 674 interiisse
1587 645 1725 689 neque
1755 647 1780 674 a

156 712 301 753 morbo
348 725 485 767 neque
527 711 633 752 forte
678 724 872 764 veneno,
918 724 1065 752 verum
1109 710 1266 766 aliquid
1307 724 1462 765 genere
1495 724 1584 752 esse
1616 724 1671 752 ex
1701 709 1780 752 hoc

161 790 272 846 quod
317 790 493 844 contigit
525 789 563 830 ei
595 789 749 830 scimus
781 821 789 829 .
837 789 939 830 item
970 789 1014 829 in
1044 788 1189 829 multis
1219 787 1298 829 hoc
1328 788 1452 829 rebus
1484 788 1621 829 dicere
1651 787 1780 829 habe-

155 870 275 910 muS”
299 869 345 922 ¹).
406 867 525 908 Idem
556 867 766 923 Epicurus
783 868 841 920 2):
874 871 937 909 καὶ
969 868 1015 909 τὸ
1048 867 1154 909 ὅλον
1188 898 1495 907 ........
1527 866 1781 922 πλεοναχῶς

153 949 344 1002 ’γίνεσθαι
375 946 512 1002 λέγειν
543 945 766 988 ἐκκαλεῖται
799 945 852 986 ra*
886 946 1141 1000 φαινόμενα,
1180 943 1459 999 „persuadent
1488 943 1781 999 phaenomena

155 1027 203 1064 ut
234 1023 411 1064 eandem
442 1036 532 1064 rem
564 1023 692 1063 variis
723 1022 858 1063 modis
889 1022 980 1062 fieri
1012 1021 1241 1062 dicamus'’.

215 1102 344 1143 Initio
390 1101 486 1142 libri
533 1101 670 1157 quinti
711 1101 794 1142 iam
825 1099 1006 1141 vidimus
1038 1099 1284 1141 Lucretium
1315 1099 1528 1140 interdum
1559 1099 1603 1140 in
1635 1098 1780 1140 ordine

160 1180 358 1222 carminis
395 1180 579 1235 partium
611 1194 636 1220 a
664 1179 756 1232 via,
798 1193 923 1235 quam
954 1179 1061 1220 ratio
1092 1178 1377 1234 praescribere
1408 1177 1528 1219 nobis
1559 1177 1779 1232 videatur,

156 1259 401 1312 aberrasse,
434 1272 528 1299 cum
559 1257 770 1313 Epicurus
800 1258 845 1298 in
876 1258 1063 1313 epistolis
1094 1271 1260 1313 semper
1291 1271 1387 1298 eum
1410 1257 1598 1298 ordinem
1619 1260 1780 1310 servet,

159 1351 284 1393 quem
328 1337 542 1378 doctrinae
583 1336 690 1378 ratio
721 1340 877 1391 poscat.
939 1336 1075 1377 Multo
1106 1336 1241 1390 magis
1271 1336 1314 1376 in
1344 1335 1450 1376 libro
1481 1335 1546 1376 VI
1575 1335 1686 1376 iusta
1716 1348 1782 1376 co-

158 1415 379 1457 haerentia
426 1414 715 1468 desideratur,
761 1414 859 1455 dum
901 1418 1027 1469 poeta
1058 1413 1349 1470 phaenomena
1380 1413 1539 1469 aliquot
1569 1413 1781 1469 explicat,

165 1507 272 1549 quae
305 1493 421 1534 nullo
452 1493 686 1548 iunguntur
717 1492 915 1545 vinculo,
948 1498 989 1533 et
1019 1492 1171 1548 quibus
1202 1491 1245 1532 id
1276 1496 1439 1532 tantum
1471 1505 1691 1532 commune
1717 1494 1782 1532 est

160 1571 273 1613 inter
317 1585 388 1625 se,
435 1571 546 1627 quod
591 1585 790 1627 perversa
837 1584 980 1612 eorum
1023 1570 1249 1625 explicatio
1281 1569 1427 1611 falsam
1458 1569 1699 1625 opinionem
1730 1567 1782 1610 de

160 1649 302 1691 divina
333 1649 512 1706 quadam
544 1654 751 1705 potestate
782 1649 826 1689 in
857 1648 1074 1690 hominum
1106 1648 1256 1689 animis
1278 1652 1515 1703 susceptam
1535 1647 1781 1689 confirmare

159 1728 302 1783 possit.
361 1727 439 1768 Est
479 1732 650 1781 tamen,
697 1727 768 1768 ubi
816 1727 914 1768 ordo
946 1741 1087 1768 rerum
1119 1726 1259 1781 specie
1290 1726 1429 1781 potius
1460 1739 1584 1782 quam
1615 1739 1660 1766 re
1690 1725 1782 1781 ipsa

159 1805 374 1859 turbetur,
406 1805 540 1846 veluti
572 1805 615 1845 in
647 1818 696 1846 ea
727 1809 860 1860 parte,
893 1818 999 1860 quae
1032 1804 1082 1845 de
1114 1804 1295 1845 nubibus
1327 1803 1415 1858 agit
1447 1807 1489 1844 et
1519 1803 1706 1856 tonitru,
1737 1802 1782 1843 in

158 1897 240 1938 quo
287 1896 371 1923 non
417 1882 587 1938 quidem
631 1882 820 1923 ordinem
862 1886 1029 1924 secutus
1061 1887 1152 1935 est,
1186 1895 1311 1938 quem
1351 1880 1642 1937 philosophiae
1672 1881 1779 1923 ratio

161 1960 509 2014 commendabat,
543 1960 616 2002 sed
647 1961 716 2016 qui
749 1961 792 2001 in
824 1960 1008 2001 carmine
1040 1960 1340 2016 praeferendus
1370 1959 1614 2001 videbatur:
1657 1962 1783 2015 poeta

161 2039 276 2080 enim
308 2043 470 2080 certum
502 2039 629 2079 finem
660 2032 969 2094 assequendum
1000 2038 1078 2079 sibi
1110 2039 1331 2094 proponit,
1364 2042 1411 2079 ut
1441 2037 1783 2093 superstitionem

160 2117 360 2172 expellat.
423 2117 484 2158 Ut
514 2117 627 2158 hunc
657 2117 784 2158 finem
816 2121 1122 2172 consequatur,
1156 2117 1259 2158 alias
1290 2117 1378 2157 vias
1410 2130 1535 2172 saepe
1566 2116 1681 2157 ineat
1710 2129 1782 2157 ne-

160 2208 274 2236 cesse
322 2199 411 2249 est,
460 2209 584 2251 quam
629 2194 905 2250 philosophus
949 2195 1088 2236 iniret.
1150 2194 1358 2250 Epicurus
1400 2194 1451 2235 de
1481 2194 1664 2235 nubibus
1693 2194 1783 2249 agit

161 2277 387 2328 antequam
431 2274 503 2329 qui
535 2273 719 2314 tonitrua
749 2273 852 2314 fiant
884 2273 1068 2328 explicet
1091 2273 1142 2327 3);
1184 2286 1278 2313 cum
1310 2271 1539 2313 secundum
1569 2272 1659 2313 eius
1689 2271 1783 2313 doc-

159 2350 313 2392 trinam
331 2384 341 2404 ,
372 2351 505 2392 nubes
536 2352 722 2393 tonitrua
753 2351 948 2392 efficiant.
1010 2351 1232 2392 Lucretius
1259 2355 1401 2391 autem
1422 2351 1606 2406 primum
1625 2349 1783 2392 tonitru

162 2428 369 2483 explicat:
407 2428 636 2484 „principio
669 2429 827 2470 tonitru
858 2428 1105 2484 quatiuntur
1137 2428 1304 2469 caerula
1335 2427 1468 2470 caeli”
1501 2432 1599 2470 cett.
1619 2427 1678 2482 ⁴¹),
1709 2425 1783 2469 sed

206 2613 232 2653 ¹)
276 2612 333 2644 Vs.
359 2613 538 2646 703—711.

204 2674 230 2714 ²)
277 2675 320 2706 D.
344 2675 382 2706 L.
406 2675 449 2706 X.
477 2677 535 2706 100
557 2674 593 2706 in
614 2675 689 2706 fine.
736 2674 786 2707 Cf.
813 2677 894 2707 113:
920 2678 958 2708 τὸ
982 2675 1014 2707 δὲ
1038 2674 1119 2715 μίαν
1143 2675 1256 2708 αἰτίαν
1280 2675 1408 2708 τούτων
1431 2674 1649 2714 ἀποδιδόναι,
1682 2679 1783 2709 πλεο·

162 2740 277 2779 ναχῶς
301 2741 369 2769 τῶν
392 2739 599 2779 φαινομένων
622 2738 894 2778 ἐκκαλουμένων.
919 2741 1060 2779 μανικὸν
1084 2740 1137 2770 καὶ
1161 2740 1201 2771 οὐ
1225 2739 1443 2777 καθηκόντως
1466 2740 1700 2779 πραττόμενον
1715 2736 1782 2772 ὑπὸ

164 2803 231 2832 τῶν
255 2801 318 2838 τὴν
340 2799 490 2840 ματαίαν
513 2801 742 2843 ἀστρολογίαν
765 2801 982 2839 ἐζηλωκότων
1005 2803 1060 2833 καὶ
1085 2801 1129 2838 εἰς
1153 2800 1223 2843 [τὸ]
1249 2802 1344 2832 κενὸν
1361 2799 1473 2838 αἰτίας
1490 2804 1591 2833 τινῶν
1605 2800 1783 2834 ἀποδιδόν-

164 2874 250 2901 των,
275 2864 359 2895 ὅταν
384 2863 488 2904 (ὅπως
511 2863 553 2895 ἂν
571 2863 596 2905 P)
624 2864 688 2902 τὴν
710 2864 806 2896 θείαν
828 2864 928 2905 φύσιν
950 2863 1086 2905 μηδαμῆ
1109 2865 1328 2906 λειτουργιῶν
1351 2863 1534 2896 ἀπολύωσι.

207 2925 233 2967 3)
281 2925 322 2956 D.
347 2926 385 2958 L.
410 2925 454 2957 X.
480 2927 531 2957 99.

208 2987 234 3029 ⁴)
281 2988 336 3019 Vs.
362 2990 413 3020 96.
