1894 3235
842 133 920 172 123

77 281 249 322 corpora
281 266 398 307 desse
430 266 680 318 constitues⁷
712 265 815 306 haec
847 265 972 306 rebus
1004 265 1082 305 erit
1112 278 1214 319 pars
1244 263 1371 304 ianua
1400 261 1500 302 leti:
1534 259 1612 300 hac
1643 272 1686 299 se

76 344 198 385 turba
227 344 336 385 foras
369 344 481 384 dabit
515 343 647 383 omnis
678 343 893 384 materiai''
920 344 966 396 ¹).

132 421 181 461 In
212 421 318 461 libro
350 421 494 475 quinto
526 434 585 460 vs.
619 422 700 460 534
734 434 847 474 seqq.
871 419 967 460 huic
1001 419 1240 459 Stoicorum
1263 416 1474 457 doctrinae
1498 414 1688 469 opposita

75 498 247 553 Epicuri
293 502 540 552 argumenta
588 497 868 552 proferuntur.
931 497 1026 538 Non
1058 496 1325 551 perspicuum
1359 497 1421 534 est
1453 507 1576 548 quam
1607 491 1686 531 for-

74 590 184 616 mam
231 580 365 616 terrae
413 575 606 615 tribuerit
652 580 776 630 poeta
798 578 850 627 ²),
899 589 1022 629 quam
1055 574 1183 614 Stoici
1217 572 1436 627 sphaeram
1469 584 1558 611 esse
1591 583 1686 609 con-

73 653 301 694 tendebant
323 651 367 705 3).
411 653 617 707 Epicurus
650 652 699 693 dc
731 652 981 692 mundorum
1013 651 1144 691 forma
1177 650 1284 690 dixit
1302 666 1312 698 ;
1344 651 1397 691 ἔτι
1430 648 1469 691 δὲ
1503 649 1687 695 καὶτοὺς

74 732 256 784 κόσμους
297 730 370 771 οὔτ
414 730 456 778 ἐξ
502 732 688 785 ἀνάγκης
743 728 801 772 δεῖ
852 729 1032 783 νομίζειν
1065 730 1134 771 ἕνα
1166 728 1453 783 σχηματισμὸν
1485 726 1686 781 ἔχοντας,

73 808 186 850 ἀλλὰ
218 812 279 850 καὶ
314 807 540 862 διαφόρους
573 809 747 857 affl-0697
795 807 868 856 οὓς
901 810 973 859 μὲν
1006 805 1298 861 σφαιροειδεῖς,
1334 804 1408 853 οὓς
1441 802 1687 859 ὃίἱόειὸεἶς,

72 888 135 926 καὶ
183 884 516 941 ἀλλοσχήμονας
565 884 727 935 ἄλλους
750 898 758 905 ”
802 886 850 926 οὐ
881 888 1017 937 μέντοι
1048 888 1132 926 πᾶυ
1164 890 1301 939 σχῆμα
1335 883 1443 938 ’ἐχειν
1465 884 1511 931 4).
1574 880 1685 934 Ergo

71 966 200 1008 potest
245 966 356 1003 terra
402 962 660 1017 sphaericam
693 962 848 1002 habere
894 962 1095 1013 forinam3
1144 966 1331 1002 attamen
1362 974 1384 1001 e
1415 959 1567 1011 modo,
1605 972 1686 1013 quo

71 1038 293 1079 Lucretius
326 1039 486 1079 Stoicos
518 1039 664 1079 irridet
696 1039 914 1093 antipodas
947 1053 1035 1079 esse
1069 1042 1286 1079 censentes
1303 1037 1358 1090 5),
1402 1041 1443 1077 et
1475 1050 1555 1091 quo
1586 1035 1686 1090 Epi-

71 1129 194 1155 curus
239 1115 423 1170 loquitur
454 1115 504 1156 de
536 1130 608 1169 eo,
641 1115 750 1171 quod
782 1122 844 1156 est
875 1130 1006 1169 supra
1038 1120 1080 1155 et
1113 1115 1230 1168 infin
1253 1113 1313 1167 ὃ),
1347 1114 1464 1169 sequi
1497 1113 1684 1165 videtur,

70 1197 266 1233 neutrum
312 1192 419 1233 hanc
467 1198 603 1234 terrae
650 1193 823 1234 formam
870 1193 1078 1233 tribuisse.
1141 1193 1335 1233 Fortasse
1377 1191 1583 1246 Leucippi
1615 1190 1685 1246 qui

69 1270 362 1323 τυμπανοειδῆ,
409 1272 477 1311 vel
509 1271 767 1324 Democriti,
815 1271 885 1326 qui
917 1269 1116 1319 δισκοειδῆ
1149 1275 1221 1323 μὲν
1251 1274 1307 1326 τῷ
1337 1270 1509 1318 πλάτει,
1541 1268 1686 1317 κοίλην

71 1346 111 1390 δὲ
144 1349 190 1389 τὸ
222 1351 349 1401 μέσον
381 1352 534 1388 terram
567 1349 674 1388 dixit
700 1350 752 1402 ²),
785 1349 1025 1403 opinionem
1058 1348 1189 1389 secuti
1223 1352 1330 1388 sunt.
1393 1347 1524 1387 Terra
1544 1350 1685 1386 autem

73 1425 141 1477 „in
186 1425 325 1466 media
368 1426 514 1466 mundi
559 1426 731 1479 regione
778 1426 981 1481 quiescit’'
1015 1428 1087 1478 (vs.
1121 1427 1240 1478 534):
1289 1425 1469 1466 mundus
1511 1439 1591 1465 non
1624 1428 1688 1464 est

68 1503 256 1544 infinitus
275 1536 283 1556 ,
320 1517 418 1557 ergo
451 1503 636 1544 medium
658 1504 699 1544 in
724 1518 772 1544 eo
796 1518 886 1545 esse
908 1508 1059 1559 potest.
1099 1504 1180 1552 Qui
1203 1508 1343 1544 autem
1366 1508 1476 1544 terra
1498 1503 1686 1558 quiscere

68 1582 224 1636 possit,
273 1581 329 1622 sic
376 1582 561 1636 explicat
603 1582 837 1623 Lucretius.
900 1582 1003 1622 Inde
1035 1597 1059 1623 a
1090 1582 1309 1637 superficie
1342 1581 1545 1636 paulatim
1576 1585 1687 1621 terra

68 1659 205 1699 minus
237 1659 364 1700 densa
395 1660 440 1699 fit
471 1660 556 1712 ita,
590 1664 635 1700 ut
666 1660 827 1714 pondus
851 1661 939 1701 eius
961 1660 1252 1702 deminuatur:
1288 1659 1457 1700 tandem
1479 1659 1522 1699 in
1547 1672 1687 1699 aerem

68 1737 239 1790 transit⁷
271 1737 339 1792 qui
373 1741 419 1777 ut
450 1737 604 1778 nebula
635 1738 703 1778 vel
734 1739 886 1779 fluvius
918 1743 1061 1793 supter
1094 1753 1136 1779 se
1171 1738 1363 1778 extendit
1386 1741 1543 1778 etcum
1566 1750 1686 1789 aere⁷

68 1813 139 1868 qui
183 1827 258 1868 per
302 1818 436 1855 totum
483 1814 686 1855 mundum
718 1820 780 1855 est
812 1815 1048 1870 dispersus⁷
1097 1816 1342 1856 coniunctus
1389 1818 1464 1855 est.
1526 1814 1576 1854 In
1607 1813 1685 1853 1100

67 1904 163 1932 aere
194 1896 305 1932 terra
336 1892 493 1945 crevit,
530 1906 610 1945 „ex
640 1892 813 1933 ineunte
845 1905 948 1934 aevo
983 1898 1092 1944 (cum
1127 1894 1192 1947 eo)
1227 1898 1288 1934 est
1315 1893 1536 1933 coniuncta
1558 1895 1684 1946 atque

67 1968 207 2009 uniter
236 1969 361 2024 apta”
395 1971 527 2023 (537).
575 1970 694 2011 Idem
724 1971 774 2011 iis
806 1975 869 2011 est
899 1971 1116 2011 vinculum
1149 1975 1274 2026 atque
1305 1969 1504 2011 membris
1535 1968 1687 2009 nostris

68 2061 162 2088 cum
194 2052 280 2088 toto
313 2062 509 2103 corpore:
567 2053 816 2103 „propterea
846 2063 930 2090 non
964 2053 1027 2089 est
1059 2049 1175 2089 oneri
1208 2049 1350 2101 (terra)
1382 2061 1518 2103 neque
1551 2045 1686 2101 depri-

67 2125 143 2165 mit
174 2139 322 2179 auras3
369 2130 416 2166 ut
461 2141 535 2167 sua
580 2127 730 2181 cuique
776 2126 937 2167 homini
981 2127 1095 2167 nullo
1128 2131 1224 2167 sunt
1255 2126 1439 2181 pondere
1470 2124 1685 2177 membra,

67 2215 144 2241 nec
176 2206 302 2257 caput
334 2206 395 2243 est
427 2203 541 2243 oneri
573 2203 707 2256 collo,
741 2217 818 2244 nec
853 2203 1032 2259 denique
1063 2208 1198 2244 totum
1231 2204 1414 2259 corporis
1435 2204 1479 2244 in
1509 2203 1686 2258 pedibus

114 2425 132 2461 ¹)
180 2424 208 2455 Ι.
236 2427 334 2455 1102;
374 2424 506 2456 Codices
539 2425 695 2465 praebent
716 2426 890 2457 lacunam:
922 2426 1035 2466 procul
1057 2425 1156 2458 dubio
1179 2427 1218 2458 de
1240 2437 1343 2458 vacuo
1365 2427 1524 2458 mundum
1547 2427 1684 2458 circum-

69 2487 165 2517 dante
193 2487 226 2517 in
243 2487 390 2518 versibus
413 2487 547 2527 perditis
570 2487 633 2519 fuit
657 2499 770 2520 sermo.
818 2489 869 2520 Cf.
894 2489 934 2520 D.
959 2489 997 2520 L.
1021 2489 1116 2528 VII,
1144 2491 1202 2520 140
1226 2489 1348 2525 ἔξωθεν
1371 2489 1402 2521 δὲ
1428 2489 1533 2522 αὐτοῦ
1558 2502 1684 2531 περικε-

69 2549 213 2590 χυμένον
237 2551 319 2581 εἶναι
345 2553 380 2582 τὸ
399 2552 495 2582 κενὸν
518 2552 669 2591 ἄπειρον.

112 2612 138 2652 2)
185 2613 226 2643 D.
250 2612 290 2643 L.
316 2612 336 2643 1.
361 2613 382 2643 1.
408 2617 520 2654 σχῆμα
543 2614 664 2654 ἔχοντα
691 2615 901 2656 σφαιροειδές.

109 2675 134 2715 3)
181 2675 285 2706 Nemo
308 2686 383 2706 sane
406 2686 423 2707 e
446 2687 524 2707 voce
546 2676 653 2715 „orbis
677 2678 855 2708 terrarum”
882 2688 980 2719 quam
1003 2677 1165 2709 interdum
1188 2682 1324 2719 usurpat
1345 2682 1460 2719 poeta,
1493 2679 1684 2718 concludet,

67 2747 142 2768 eum
165 2741 269 2768 terrae
292 2738 491 2777 sphaericam
514 2739 651 2770 formam
674 2739 837 2771 tribuisse.

109 2801 135 2842 ⁴)
184 2802 224 2833 D.
250 2802 287 2834 L.
312 2802 354 2832 X.
382 2804 431 2835 74.

110 2864 136 2903 ⁵)
183 2864 210 2895 Ι.
238 2867 318 2895 1060
343 2875 430 2906 seqq.

110 2926 136 2968 6)
184 2927 224 2958 D.
250 2928 286 2959 L.
311 2927 354 2959 X.
380 2930 430 2959 60.

109 2988 136 3032 ⁷)
183 2989 271 3021 Plut.
296 2990 378 3030 plac.
405 2991 484 3030 ΙΙΙ,
512 2994 561 3022 11.
