1894 3235
913 136 992 177 138

158 267 281 319 „dere
313 269 470 324 apertis
500 269 759 311 consimilem
790 270 936 323 laetis,
984 270 1090 311 sicut
1122 284 1233 311 1111110
1265 270 1422 311 femina
1452 284 1642 326 quaeque
1673 284 1768 311 eum

157 345 372 400 „peperit,
419 345 530 387 dulei
576 346 763 401 repletur
793 346 929 400 laete,
976 347 1086 403 quod
1117 349 1251 388 01111113
1282 348 1464 403 impetus
1495 348 1537 388 in
1567 361 1770 388 mammas

158 423 440 475 „convertitur
459 424 529 465 ille
551 424 739 465 alimenti
761 456 768 464 .
792 428 904 465 terra
925 425 1065 466 eibum
1087 426 1250 480 pueris,
1283 432 1444 466 vestem
1466 439 1617 480 vapor,
1640 424 1771 466 herba

159 499 320 551 „cubile
351 500 580 556 praebebat
610 501 743 542 multa
774 506 815 542 et
845 502 960 543 molli
992 503 1191 557 lanugine
1223 503 1439 544 abundans
1485 536 1493 543 .
1536 507 1578 543 at
1609 503 1771 544 novitas

161 577 329 629 „mundi
377 592 454 619 nec
494 578 649 633 frigora
694 578 797 619 dura
843 579 979 620 ciebat
1019 594 1095 622 nee
1136 581 1287 622 nimios
1329 568 1470 622 aestus
1501 594 1577 621 1100
1608 581 1772 635 magnis

160 653 343 705 „viribus
374 669 496 696 auras
529 687 536 695 .
571 655 710 696 omnia
741 656 852 696 enim
883 656 1040 711 pariter
1069 657 1711 698 0103011111οῒ1·01)01·11.31111111111”
1734 656 1771 711 ¹).

155 731 286 772 Terra
326 736 467 773 tamen
498 747 581 773 non
611 738 816 789 perpetuo
848 734 995 775 eadem
1029 735 1210 788 mansit3
1242 749 1325 776 non
1357 736 1467 776 enim
1501 739 1666 786 „manet
1687 735 1774 776 ulla

155 809 219 851 sui
265 810 412 851 similis
456 812 564 852 res''.
626 812 764 853 Desiit
806 826 982 867 parere,
1033 816 1105 865 „ut
1148 813 1300 853 mulier
1348 813 1481 868 spatio
1514 812 1675 853 defessa
1704 825 1774 853 ve-

155 887 294 928 tusto''
317 886 360 942 2).
394 913 447 918 —
480 889 599 931 Haeo
631 889 837 945 poematis
868 904 964 945 pars
995 890 1260 945 prosequitur
1291 889 1522 930 doctrinam
1554 889 1603 930 de
1629 889 1774 930 mundi

155 970 249 1007 ortu
293 981 353 1008 vs.
401 969 626 1010 416—508
670 969 935 1024 expositam,
983 982 1109 1024 quam
1156 967 1338 1008 vidimus
1379 968 1430 1008 ab
1469 968 1652 1023 Epicuro
1684 980 1775 1008 esse

155 1048 378 1099 sumptam.
450 1045 571 1094 Quod
619 1046 707 1087 iam
746 1052 994 1101 argumento
1025 1060 1114 1087 esse
1146 1051 1316 1101 posset,
1365 1060 1438 1087 eur
1472 1045 1579 1087 hane
1612 1050 1775 1101 partem

156 1136 321 1178 quoque
369 1137 423 1164 ex
470 1123 644 1179 Epicuri
677 1125 843 1180 seriptis
874 1125 1067 1166 haustam
1099 1138 1189 1166 esse
1225 1130 1482 1180 putaremus
1543 1123 1626 1165 Sed
1656 1124 1777 1179 plura

157 1205 254 1242 sunt
299 1201 465 1243 indicia.
528 1202 738 1244 Diodorus
782 1203 947 1244 Siculus
969 1202 999 1256 3)
1048 1203 1159 1243 0111111
1205 1202 1332 1243 refert
1363 1202 1490 1243 fuisse
1523 1202 1642 1242 initio
1678 1203 1778 1253 ,,τὴν

157 1286 237 1334 γῆν
281 1278 454 1330 πηλώδη
497 1284 560 1322 καὶ
607 1282 827 1330 παντελῶς
869 1281 1038 1330 ἁπαλήν
1072 1314 1080 1321 .
1113 1283 1265 1330 ταυτὴν
1311 1279 1351 1323 δὲ
1398 1282 1444 1322 τὸ
1491 1283 1564 1332 μὲν
1609 1283 1778 1335 πρῶτον

156 1362 230 1399 τοῦ
276 1362 366 1414 περὶ
413 1359 488 1401 τὸν
536 1359 660 1409 ἥλιον
708 1361 840 1415 πυρὸς
888 1359 1236 1413 καταλάμψαντος
1282 1366 1406 1407 πῆξιν
1437 1357 1613 1413 λαβεῖν,
1646 1358 1778 1400 ’ἔπειτα

157 1433 240 1477 διὰ
301 1437 396 1485 τὴν
454 1439 757 1492 θερμασίαν
809 1437 1147 1488 ἀναζυμουμένης
1197 1444 1269 1485 τῆς
1321 1438 1580 1491 ἐπιφανείας,
1642 1453 1779 1477 συνοι-

157 1511 278 1562 δῆσαί
326 1533 416 1557 τινα
467 1518 571 1557 τῶν
620 1516 803 1571 ὑγρῶν
855 1516 955 1557 κατὰ
1006 1514 1201 1563 πολλοὺς
1248 1516 1429 1565 τόπους,
1476 1517 1538 1555 καὶ
1586 1515 1779 1569 γενέσθαι

155 1595 246 1647 περὶ
279 1593 381 1635 αὐτὰ
424 1592 722 1642 σηπεδόνας
770 1595 913 1647 ὑμέσι
956 1593 1178 1641 λεπτοῖς
1214 1595 1589 1648 περιεχομένας
1620 1590 1685 1645 (Cf.
1717 1604 1778 1632 VS.

157 1670 368 1723 805—8),
421 1673 542 1725 ὅπερ
594 1673 642 1714 ἐν
674 1678 794 1720 τοῖς
843 1671 981 1713 ἐ’λεσι
1034 1674 1106 1712 καὶ
1159 1677 1267 1718 τοῖς
1323 1669 1645 1722 λιμνάζουσι
1677 1672 1780 1711 τῶν

155 1748 335 1789 τόπων
367 1747 435 1790 ἔτι
468 1751 548 1790 καὶ
583 1754 678 1790 νῦν
711 1751 941 1803 ὁρῖισὲῑαι
973 1749 1292 1803 γινόμενον,
1334 1745 1496 1788 ἐπειδὰν
1529 1753 1603 1794 τῆς
1637 1746 1780 1802 χώρας

157 1827 463 1881 κατεψυγμένης
503 1826 621 1882 ἄφνω
654 1824 854 1882 διάπυρος
888 1828 910 1868 ὁ
943 1827 1021 1880 ἀὴρ
1053 1827 1246 1881 γένηται,
1289 1827 1343 1876 μὴ
1376 1823 1529 1879 λαβὼν
1561 1825 1636 1872 τὴν
1668 1841 1780 1876 μετα-

154 1900 301 1957 βολὴν
332 1905 373 1945 ἐκ
403 1909 476 1945 τοῦ
509 1904 595 1945 κατ’
629 1906 782 1959 ὀλίγον
811 1904 930 1955 (797,
964 1903 1054 1955 98).
1089 1902 1447 1958 ζωογονουμένων
1470 1899 1510 1943 δὲ
1534 1904 1616 1942 τῶν
1635 1901 1780 1955 ὑγρῶν

157 1978 221 2022 διὰ
268 1989 341 2030 τῆς
386 1984 615 2038 θερμασίας
660 1983 734 2024 τὸν
781 1984 992 2037 εἰρημένον
1038 1982 1222 2035 τρόπον.
1267 1982 1342 2028 τὰς
1373 1983 1445 2031 μὲν
1479 1981 1629 2027 νύκτας
1675 1978 1779 2031 λαμ·

155 2056 304 2114 βάνειν
350 2060 493 2102 αὐτίκα
537 2061 614 2109 τὴν
654 2061 814 2115 τροφὴν
847 2062 887 2101 ε’κ
918 2067 990 2108 τῆς
1022 2060 1257 2108 πιπτούσης
1290 2057 1372 2099 ἀπὸ
1403 2061 1478 2097 τοῦ
1511 2058 1781 2112 περιέχοντος

157 2136 368 2193 ὁμίχλης,
400 2138 475 2186 τὰς
507 2136 541 2180 δ’
563 2139 716 2193 ἡμέρας
747 2138 828 2179 ὑπὸ
861 2141 934 2178 τοῦ
967 2139 1173 2189 καύματος
1207 2138 1498 2190 στερεοῦσθαι,
1530 2135 1577 2175 τὸ
1600 2132 1634 2175 δ’
1656 2133 1781 2189 ἐ’σχα-

156 2232 258 2264 τον,
304 2217 388 2256 τῶν
420 2218 766 2270 κυοφορουμένων
797 2215 872 2263 τὴν
904 2213 1064 2255 τελείαν
1097 2211 1272 2260 αὔξησιν
1304 2209 1562 2266 λαβόντων,
1601 2213 1664 2251 καὶ
1696 2213 1780 2252 τῶν

160 2293 319 2345 ὑμένων
366 2291 668 2334 διακαυθέντων
714 2310 753 2333 τε
801 2295 863 2334 καὶ
907 2293 1237 2346 περιρραγέντων
1285 2290 1381 2341 (809
1429 2302 1542 2343 seqq.
1581 2301 1682 2342 quos
1715 2287 1782 2327 ubi

161 2373 339 2423 tempore
390 2374 555 2410 ηιαίιινο
598 2369 858 2423 patefecerat
911 2372 1075 2420 aestus,
1133 2369 1245 2419 cett.)
1293 2367 1525 2421 ἀναφυῆναι
1579 2363 1782 2408 παντοδα-

158 2449 268 2496 ποὺς
311 2449 470 2495 τύπους
515 2447 636 2495 ζώων
668 2460 677 2468 ·
714 2448 874 2488 τούτων
907 2444 947 2488 δὲ
978 2447 1027 2487 τὰ
1059 2448 1132 2498 μὲν
1164 2444 1362 2492 πλείστης
1396 2446 1624 2499 θερμασίας
1656 2459 1782 2484 κεκοι-

160 2527 404 2578 νωνηκότα,
449 2527 554 2582 πρὸς
584 2528 683 2574 τοὺς
713 2525 941 2580 μετεώρους
971 2525 1129 2574 τόπους
1161 2523 1381 2571 ἀπελθεῖν,
1413 2524 1615 2577 γενόμενα
1645 2521 1781 2571 πτηνά

160 2604 253 2655 (801
291 2605 453 2659 seqq.)‚
499 2605 548 2646 τὰ
595 2602 636 2646 δὲ
684 2601 870 2659 γεώδους
915 2603 1170 2657 ἀντεχόμενα
1213 2603 1472 2655 συγκρίσεως
1523 2601 1565 2641 ἐν
1610 2601 1658 2654 τῇ
1696 2601 1781 2639 τῶν

161 2683 341 2737 ἑρπετῶν
388 2685 451 2724 καὶ
498 2685 580 2724 τῶν
623 2681 771 2723 ἄλλων
816 2686 899 2722 τῶν
947 2682 1134 2735 ἐπιγείων
1165 2677 1276 2726 τάξει
1307 2679 1659 2732 καταριθμηθῆναι
1691 2689 1699 2698 ·
1731 2675 1781 2717 τὰ

203 2896 226 2937 ¹)
276 2895 331 2927 Vs.
357 2897 515 2927 806-20.

201 2958 227 2996 ²)
272 2957 328 2989 Vs.
355 2959 514 2989 821—36.

201 3020 228 3062 ³)
276 3020 348 3052 Lib.
374 3020 413 3058 I,
438 3030 507 3061 cap.
536 3021 564 3053 7.
