1894 3235
455 522 812 584 CAPUT
882 526 1335 588 SEXTUM.

542 862 610 899 DE
655 863 899 905 REMQLHS
945 865 1238 904 METEORIS.

695 986 832 1039 (Lucr.
865 987 936 1028 lib.
968 987 1064 1041 VI.)

135 1121 224 1173 „Tu
258 1122 361 1163 mihi
393 1137 612 1178 supremae
643 1125 901 1179 praescripta
932 1125 985 1166 ad
1015 1124 1193 1166 candida
1224 1125 1348 1166 calcis
1380 1126 1563 1166 currenti
1594 1140 1685 1181 spa-

73 1198 179 1239 tium
225 1205 534 1254 praemonstra,
582 1201 731 1241 callida
768 1216 887 1242 musa
919 1202 1133 1257 Calliope,
1180 1203 1346 1258 requies
1377 1203 1594 1244 hominum
1627 1203 1685 1244 di-

72 1290 251 1332 vomque
282 1278 498 1332 voluptas,
537 1282 577 1318 te
601 1278 704 1319 duce
726 1282 772 1319 ut
794 1279 947 1333 insigni
971 1280 1133 1334 capiam
1156 1295 1250 1320 cum
1270 1280 1393 1321 laude
1417 1280 1637 1322 coronam⁷'
1658 1280 1683 1331 ¹)

73 1354 184 1394 canit
224 1359 375 1410 poeta,
424 1370 517 1396 cum
562 1356 605 1396 in
645 1356 793 1396 ultimo
833 1357 937 1397 libro
970 1357 1255 1412 explicaturus
1287 1361 1349 1398 est
1385 1362 1549 1410 „cetera
1578 1372 1684 1414 quae

71 1432 162 1472 fieri
207 1432 251 1472 in
295 1434 416 1474 terris
462 1434 660 1489 caeloque
702 1438 873 1475 tuentur
918 1435 1137 1487 mortales,
1184 1435 1345 1490 pavidis
1376 1450 1470 1476 cum
1500 1436 1685 1491 pendent

71 1510 274 1551 mentibu’
322 1510 532 1566 saepe'’²).
595 1511 659 1551 Ea
704 1511 994 1566 phaenomena
1035 1512 1190 1565 elegit,
1237 1526 1343 1567 quae
1375 1526 1468 1553 cum
1499 1513 1683 1554 maxime

71 1590 228 1628 terrore
280 1587 466 1628 afficiunt
514 1587 705 1629 homines
758 1593 799 1629 et
846 1589 1017 1629 deorum
1058 1589 1321 1630 formidinem
1353 1593 1536 1643 augent,
1586 1604 1683 1631 nam

70 1664 180 1706 hunc
230 1666 447 1718 „timorem
493 1667 621 1707 animi
666 1667 942 1722 tenebrasque
988 1671 1199 1707 necessest
1228 1681 1312 1707 non
1342 1667 1448 1708 radii
1479 1667 1576 1708 solis
1606 1681 1683 1708 nec

70 1742 210 1783 lucida
240 1743 325 1784 tela
356 1743 439 1784 diei
472 1743 721 1797 discutiant,
754 1744 826 1785 sed
857 1748 1032 1784 naturae
1064 1744 1223 1799 species
1254 1744 1470 1799 ratioque”
1493 1745 1539 1798 3).
1578 1745 1681 1786 Inde

70 1834 94 1860 a
123 1834 183 1860 vs.
218 1822 269 1861 96
301 1821 430 1875 igitur
460 1835 591 1877 usque
623 1821 675 1862 ad
706 1836 765 1862 vs.
794 1823 876 1862 450
898 1822 1109 1874 tonitrua,
1143 1821 1343 1874 fulmina,
1375 1822 1457 1862 alia
1479 1822 1682 1863 eiusmodi

70 1898 255 1952 explicat
290 1897 608 1953 phaenomena3
651 1913 674 1940 a
705 1913 763 1939 vs.
797 1900 1023 1940 451—534
1055 1898 1105 1939 de
1136 1899 1343 1952 nubibus,
1390 1899 1555 1954 pluvia,
1589 1899 1682 1940 aliis

68 1974 307 2016 huiusmodi
339 1975 639 2030 Phaenomenis
670 1976 785 2030 agit3
817 1980 906 2016 tum
937 1991 961 2016 a
990 1990 1049 2016 vs.
1084 1977 1304 2017 535—711
1336 1976 1509 2031 exponit
1531 1977 1681 2032 quibus

68 2053 203 2094 causis
234 2057 371 2094 terrae
401 2058 539 2094 motus
560 2086 569 2107 ,
589 2053 754 2095 Aetnae
776 2047 1035 2108 aliorumque
1056 2054 1262 2094 montium
1284 2054 1523 2108 eruptiones
1547 2054 1679 2108 fiant,

68 2129 218 2171 deinde
250 2145 274 2172 a
304 2145 362 2171 vs.
399 2132 622 2172 712—905
656 2132 727 2186 qui
757 2131 856 2184 fiat,
903 2135 949 2171 ut
979 2131 1102 2172 Nilus
1134 2145 1296 2187 quaque
1328 2136 1487 2173 aestate
1519 2136 1677 2173 crescat

67 2211 110 2249 et
140 2207 226 2249 fere
257 2209 385 2249 totius
415 2208 604 2263 Aegypti
636 2213 790 2249 terram
821 2209 988 2263 irriget,
1023 2209 1073 2250 de
1104 2209 1286 2250 Avernis
1316 2209 1445 2262 locis,
1478 2213 1525 2250 ut
1555 2214 1680 2264 poeta

67 2298 117 2326 ea
161 2290 304 2338 vocat,
351 2285 401 2326 de
449 2287 542 2327 lacu
590 2286 750 2327 Averni
798 2291 839 2327 et
885 2287 955 2342 qui
988 2287 1024 2327 ei
1059 2287 1213 2327 similes
1244 2290 1366 2340 sunt,
1415 2286 1464 2327 de
1497 2287 1679 2328 fontibus

65 2363 276 2404 nonnullis
321 2363 602 2418 notabilibus3
650 2379 709 2405 vs.
744 2366 996 2405 906—1089
1030 2364 1080 2404 de
1111 2364 1249 2419 lapide
1281 2364 1480 2418 Magnete
1512 2364 1676 2418 agitur;

67 2439 244 2495 denique
286 2440 383 2481 inde
425 2455 449 2481 a
478 2455 538 2481 vs.
576 2442 853 2482 1090—1286
885 2441 1125 2482 morborum
1158 2455 1306 2482 causae
1337 2441 1604 2496 inquiruntur
1635 2445 1678 2482 et

64 2518 221 2573 pestis,
253 2531 359 2573 quae
388 2518 580 2559 Athenas
612 2518 846 2559 devastavit
876 2519 1052 2559 Periclis
1083 2523 1298 2574 tempore,
1331 2518 1590 2565 describitur.

121 2595 172 2636 In
231 2595 366 2636 causis
424 2595 574 2636 horum
633 2597 817 2636 oninium
867 2596 1170 2650 investigandis
1220 2600 1414 2637 teneatur
1464 2596 1574 2651 quod
1623 2596 1676 2637 ad

63 2671 217 2712 librum
262 2672 451 2727 quintum
497 2672 654 2713 dictum
697 2677 782 2726 est,
829 2674 871 2714 ni
901 2674 989 2714 falli
1020 2677 1062 2715 et
1092 2674 1136 2714 in
1168 2688 1327 2715 errores
1357 2673 1541 2715 incidere
1572 2674 1674 2716 veli-

109 2872 133 2914 ²)
179 2872 238 2905 VI.
264 2875 304 2904 92
327 2883 414 2915 seqq.

105 2934 132 2977 ²)
178 2935 235 2968 Vs.
259 2937 298 2967 50
322 2946 409 2977 seqq.

107 2997 132 3039 3)
178 2997 233 3030 Vs.
259 3000 298 3029 39
322 3009 410 3040 seqq.

1424 3066 1499 3109 10*
