1921 3235
900 143 980 185 182

140 277 334 333 cognosci
363 282 531 334 potest,
572 278 606 319 si
637 277 846 334 quomodo
878 277 1019 318 omnia
1048 277 1290 318 exstiterint
1319 277 1509 334 inquiris.
1570 277 1684 333 Ergo
1716 279 1760 320 in

139 353 218 396 hoc
248 355 403 397 mundo
434 359 532 397 sunt
562 368 680 411 quaev
705 354 899 407 „foedera
928 355 1132 396 naturae'’
1165 355 1352 410 appellat
1373 355 1620 409 Lucretius,
1651 369 1758 411 quae

139 432 285 487 vigent
331 432 462 473 donec
502 445 569 473 res
599 432 644 472 in
675 446 770 473 suas
800 435 962 473 atomos
993 431 1303 486 dissolvantur,
1349 432 1393 473 in
1423 432 1569 473 mundi
1600 432 1758 474 confor-

139 510 323 552 matione
340 513 481 551 autem
500 509 704 551 eiusmodi
721 509 889 551 foedera
907 509 1093 550 deerant.
1116 509 1237 551 Haec
1255 509 1444 551 doctrina
1460 510 1758 566 Empedoclem

139 590 351 628 auctorem
398 585 559 627 habuit.
624 586 792 639 „Inerat
839 586 979 639 enim,
1026 586 1070 626 in
1109 586 1212 641 ipsis
1252 586 1472 627 elementis
1503 587 1642 628 vitalis
1671 576 1757 641 vis,

139 677 246 719 quae
293 667 442 718 sponte
483 677 558 704 sua
603 662 765 717 effecit,
813 667 859 703 ut
899 663 1041 704 variae
1089 663 1324 704 animantes
1354 663 1554 719 variaque
1586 677 1760 719 corpora

138 740 344 795 principio
386 740 673 793 exsisterent,
717 753 802 781 non
844 740 896 781 ob
934 740 1164 781 utilitatem
1196 740 1379 796 aliquam
1411 754 1487 781 nec
1519 745 1631 782 certo
1663 755 1758 782 con-

140 817 232 858 silio
264 817 432 858 condita
463 821 505 859 et
535 817 736 871 formata,
777 817 851 859 sed
880 818 991 859 ultro
1023 832 1070 859 ac
1101 818 1283 859 naturali
1316 818 1497 874 quodam
1526 819 1756 872 instinctu,

138 895 279 951 prouti
318 895 460 936 variae
492 895 799 937 elementorum
830 900 972 951 partes
1003 896 1130 937 variis
1162 895 1296 937 modis
1326 896 1436 937 inter
1466 910 1509 937 se
1541 910 1758 938 concurre-

138 976 261 1026 rent,
307 975 388 1023 ὅπη
421 975 667 1029 συνέκυρσευ
698 975 844 1016 ἕκαστα
868 974 938 1023 ¹).’'
1000 973 1224 1014 Lueretius
1265 978 1407 1014 autem
1449 973 1685 1015 distinctius
1716 978 1759 1016 et

140 1050 375 1092 accuratius
420 1064 513 1092 eam
554 1051 753 1106 exposuit
798 1051 847 1104 I,
898 1052 1207 1105 1021—10343
1260 1051 1344 1105 IV,
1393 1052 1646 1105 822—8763
1693 1051 1757 1106 V,

142 1129 380 1170 783—925.
442 1128 545 1170 lnde
590 1133 732 1170 tamen
777 1143 860 1170 non
899 1130 1086 1185 sequitur
1117 1143 1213 1170 eum
1244 1143 1318 1170 suo
1348 1134 1482 1170 marte
1513 1129 1759 1185 Empedocli

141 1206 362 1247 studuisse.
424 1206 546 1255 Quod
577 1206 611 1247 si
641 1206 808 1248 fecisset
839 1206 992 1247 mirum
1025 1211 1135 1247 esset
1166 1220 1262 1247 eum
1293 1221 1522 1263 numquam
1550 1206 1759 1263 Empedo-

139 1284 248 1325 clem
293 1288 507 1326 auctorem
555 1298 676 1325 suum
722 1283 943 1338 laudasse,
989 1285 1237 1340 praesertim
1284 1299 1378 1325 cum
1423 1289 1566 1326 tantae
1598 1289 1640 1326 et
1671 1289 1757 1326 tam

140 1376 290 1418 graves
336 1363 419 1403 sint
464 1366 604 1418 partes
645 1362 774 1404 totius
806 1362 1042 1416 doctrinae,
1089 1377 1191 1418 quas
1222 1367 1438 1404 mutuatus
1469 1376 1559 1404 esse
1591 1362 1756 1404 dicitur.

138 1440 368 1481 Praeterea
403 1440 504 1496 quid
536 1440 685 1494 obstat,
718 1440 943 1496 quominus
974 1444 1206 1481 statuamus
1238 1443 1405 1495 poetam
1437 1440 1671 1496 Epicurum
1693 1455 1756 1482 so-

139 1518 228 1558 lum
259 1522 451 1559 secutum
483 1531 597 1572 esse,
629 1518 696 1559 cui
727 1517 832 1559 haec
865 1518 1051 1558 doctrina
1083 1518 1287 1573 imprimis
1318 1522 1462 1559 contra
1483 1518 1756 1559 Aristotelem

140 1595 402 1637 defendenda
448 1596 572 1637 erat?
633 1595 743 1636 Eum
789 1596 832 1636 id
877 1610 1024 1637 revera
1054 1595 1201 1636 fecisse
1233 1595 1354 1637 facile
1386 1595 1503 1637 vides
1535 1610 1589 1637 ex
1620 1596 1673 1637 D.
1705 1596 1754 1637 L.

138 1673 208 1727 X,
257 1675 332 1715 75:
380 1674 492 1717 ἀλλὰ
539 1676 621 1727 μὴν
652 1674 917 1724 ὑποληπτέον
949 1678 1011 1716 καὶ
1044 1676 1120 1723 τὴν
1152 1676 1276 1730 φύσιν
1308 1674 1452 1716 πολλὰ
1485 1678 1547 1716 καὶ
1579 1681 1754 1717 παντοῖα

138 1751 220 1793 ὑπὸ
265 1754 350 1792 τῶν
396 1751 532 1792 αὐτῶν
563 1752 819 1806 πραγμάτων
851 1748 1100 1806 διδαχθῆναί
1130 1769 1169 1792 τε
1201 1754 1262 1792 καὶ
1297 1751 1609 1807 ἀναγκασθῆναι
1640 1765 1649 1773 ·
1680 1752 1755 1794 τὸν

139 1826 179 1870 δὲ
210 1827 420 1883 λογισμὸν
451 1828 499 1869 τὰ
532 1828 612 1870 ὑπὸ
643 1829 793 1879 ταύτης
825 1829 1166 1883 παρεγγυηθέντα
1199 1831 1261 1869 καὶ
1296 1828 1469 1883 ὕστερον
1501 1826 1756 1883 ἐπακριβοῦν

137 1909 200 1948 καὶ
248 1904 629 1961 προςεξευρίσκειυ,
677 1909 775 1946 cett.
838 1904 923 1947 Cur
966 1905 1096 1960 igitur
1134 1905 1385 1961 discipulum
1416 1905 1584 1947 aliunde
1617 1920 1755 1962 sump-

137 1982 239 2024 sisse
271 1982 382 2038 quod
410 1982 500 2038 ipse
530 1982 733 2037 magister
764 1982 802 2024 ei
833 1982 1028 2036 afferret,
1061 1984 1269 2038 putares?

194 2060 415 2102 Hactenus
459 2060 509 2101 de
549 2061 601 2101 iis
641 2074 748 2116 quae
779 2074 847 2114 re,
880 2075 964 2102 non
995 2060 1128 2102 forma
1159 2060 1382 2102 Lucretius
1413 2074 1467 2102 ex
1499 2060 1755 2117 Empedocle

137 2138 364 2194 sumpsisse
411 2138 574 2179 dicitur.
636 2138 730 2179 Hoc
762 2138 931 2194 quidem
963 2152 1180 2194 speramus
1210 2138 1297 2179 fore
1329 2142 1375 2179 ut
1406 2139 1556 2194 cuique
1587 2142 1753 2194 pateat,

140 2216 251 2273 quod
281 2216 334 2258 ad
363 2216 498 2272 ipsam
529 2215 839 2272 philosophiam
862 2216 1100 2272 pertineat,
1132 2215 1237 2257 nihil
1258 2220 1426 2272 poetam
1448 2216 1500 2257 ad
1522 2216 1755 2258 doctrinam

136 2293 310 2350 Epicuri
341 2294 550 2335 addidisse
581 2295 650 2335 vel
681 2294 725 2335 in
746 2308 796 2335 ea
816 2298 1002 2336 mutasse
1024 2298 1066 2335 et
1087 2308 1194 2350 quae
1216 2294 1392 2335 aliorum
1408 2293 1754 2349 philosophorum

135 2372 292 2428 placita
312 2371 481 2426 afferat,
513 2386 569 2413 ex
599 2372 732 2428 ipsius
763 2371 937 2428 Epicuri
969 2385 1123 2426 magna
1154 2371 1274 2427 copia
1305 2371 1554 2426 scriptorum
1582 2385 1631 2413 ea
1651 2371 1754 2414 hau-

136 2449 209 2490 riri
248 2449 446 2504 potuisse.
507 2448 628 2497 Quod
669 2449 703 2490 si
749 2453 939 2503 constat,
985 2449 1180 2490 nolumus
1210 2453 1351 2491 tamen
1382 2463 1537 2504 negare
1567 2450 1701 2491 multa
1730 2463 1753 2491 e

137 2526 310 2568 Graecis
356 2527 491 2582 poetis
521 2531 688 2583 sumpta
718 2540 810 2568 esse
840 2526 893 2568 ad
925 2540 1093 2568 carmen
1125 2526 1438 2580 exornandum,
1470 2527 1523 2568 ad
1554 2527 1754 2568 orationis

134 2604 296 2646 lumina
326 2604 566 2658 afferenda,
599 2618 706 2660 quae
737 2608 880 2646 tamen
910 2603 979 2645 hic
1011 2603 1131 2644 nobis
1162 2618 1245 2645 non
1276 2608 1373 2645 sunt
1403 2604 1689 2646 enumeranda
1704 2605 1751 2655 2).

125 2682 277 2725 ¹Etiam
320 2683 568 2740 Empedocli
610 2682 814 2725 eiusmodi
860 2695 995 2738 pauca
1040 2686 1210 2737 poetam
1247 2681 1428 2736 debere,
1473 2682 1552 2724 etsi
1584 2681 1752 2723 difficile

177 2896 202 2936 ¹)
248 2896 410 2934 Karsten,
433 2906 507 2937 pag.
531 2894 604 2927 413.
628 2895 670 2927 cf.
694 2896 767 2927 359.
813 2895 925 2937 Lange
949 2895 985 2934 Ι,
1009 2905 1041 2936 p.
1066 2896 1128 2934 24,
1154 2894 1225 2928 107.

175 2961 202 3003 ²)
250 2960 300 2992 Cf.
324 2958 457 2992 Munroi
478 2957 652 2991 editionem
665 2981 674 2997 ‚
697 2957 754 3000 qui
776 2960 925 2990 accurate
947 2967 1001 2990 eos
1023 2956 1111 2990 locos
1134 2954 1273 2988 contulit
1295 2958 1328 2987 et
1343 2954 1540 2995 Reisacker‚
1565 2955 1600 2987 in
1617 2955 1750 3007 Quaest-

134 3024 264 3057 Lucret.
