<?xml version="1.0" encoding="UTF-8"?>
<!DOCTYPE html PUBLIC "-//W3C//DTD XHTML 1.0 Transitional//EN"
    "http://www.w3.org/TR/xhtml1/DTD/xhtml1-transitional.dtd">
<html xmlns="http://www.w3.org/1999/xhtml" xml:lang="en" lang="en">
 <head>
  <title>
</title>
<meta http-equiv="Content-Type" content="text/html;charset=utf-8" />
  <meta name='ocr-system' content='tesseract 3.04.00' />
  <meta name='ocr-capabilities' content='ocr_page ocr_carea ocr_par ocr_line ocrx_word'/>
</head>
<body>
  <div class='ocr_page' id='page_1' title='image "./lucretiiphilosop00woltuoft_0036.png"; bbox 0 0 1894 3235; ppageno 0'>
   <div class='ocr_carea' id='block_1_1' title="bbox 935 126 989 166">
    <p class='ocr_par' dir='ltr' id='par_1_1' title="bbox 935 126 989 166">
     <span class='ocr_line' id='line_1_1' title="bbox 935 126 989 166; baseline 0 0"><span class='ocrx_word' id='word_1_1' title='bbox 935 126 989 166; x_wconf 84' lang='lat'>22</span> 
     </span>
    </p>
   </div>
   <div class='ocr_carea' id='block_1_2' title="bbox 153 259 1784 1557">
    <p class='ocr_par' dir='ltr' id='par_1_2' title="bbox 153 259 1784 1557">
     <span class='ocr_line' id='line_1_2' title="bbox 153 259 1770 315; baseline 0 -15"><span class='ocrx_word' id='word_1_2' title='bbox 153 273 234 315; x_wconf 92' lang='lat' dir='ltr'>que</span> <span class='ocrx_word' id='word_1_3' title='bbox 279 259 584 301; x_wconf 88' lang='lat' dir='ltr'>numerandum</span> <span class='ocrx_word' id='word_1_4' title='bbox 616 263 707 300; x_wconf 88' lang='lat' dir='ltr'>est:</span> <span class='ocrx_word' id='word_1_5' title='bbox 756 272 840 300; x_wconf 91' lang='lat' dir='ltr'>non</span> <span class='ocrx_word' id='word_1_6' title='bbox 886 263 949 300; x_wconf 89' lang='lat' dir='ltr'>est</span> <span class='ocrx_word' id='word_1_7' title='bbox 995 259 1287 315; x_wconf 86' lang='lat' dir='ltr'>incorporeum</span> <span class='ocrx_word' id='word_1_8' title='bbox 1333 273 1408 315; x_wconf 86' lang='lat' dir='ltr'>per</span> <span class='ocrx_word' id='word_1_9' title='bbox 1454 273 1511 312; x_wconf 89' lang='lat' dir='ltr'>se,</span> <span class='ocrx_word' id='word_1_10' title='bbox 1552 264 1598 300; x_wconf 89' lang='lat' dir='ltr'>ut</span> <span class='ocrx_word' id='word_1_11' title='bbox 1640 259 1770 301; x_wconf 83' lang='lat' dir='ltr'>Stoici</span> 
     </span>
     <span class='ocr_line' id='line_1_3' title="bbox 153 336 1770 393; baseline -0.001 -15"><span class='ocrx_word' id='word_1_12' title='bbox 153 337 345 390; x_wconf 82' lang='lat' dir='ltr'>aiebant,</span> <span class='ocrx_word' id='word_1_13' title='bbox 377 351 473 378; x_wconf 88' lang='lat' dir='ltr'>nam</span> <span class='ocrx_word' id='word_1_14' title='bbox 509 342 739 389; x_wconf 84' lang='lat' dir='ltr'>„semotum</span> <span class='ocrx_word' id='word_1_15' title='bbox 771 336 822 376; x_wconf 89' lang='lat' dir='ltr'>ab</span> <span class='ocrx_word' id='word_1_16' title='bbox 854 350 993 377; x_wconf 89' lang='lat' dir='ltr'>rerum</span> <span class='ocrx_word' id='word_1_17' title='bbox 1031 342 1147 378; x_wconf 92' lang='lat' dir='ltr'>motu</span> <span class='ocrx_word' id='word_1_18' title='bbox 1179 337 1426 393; x_wconf 85' lang='lat' dir='ltr'>placidaque</span> <span class='ocrx_word' id='word_1_19' title='bbox 1458 337 1625 393; x_wconf 89' lang='lat' dir='ltr'>quiete&#39;’</span> <span class='ocrx_word' id='word_1_20' title='bbox 1658 337 1770 390; x_wconf 83' lang='lat'>(463)</span> 
     </span>
     <span class='ocr_line' id='line_1_4' title="bbox 153 413 1772 469; baseline -0.001 -13"><span class='ocrx_word' id='word_1_21' title='bbox 153 429 277 456; x_wconf 91' lang='lat' dir='ltr'>nemo</span> <span class='ocrx_word' id='word_1_22' title='bbox 323 415 364 456; x_wconf 91' lang='lat' dir='ltr'>id</span> <span class='ocrx_word' id='word_1_23' title='bbox 410 415 565 456; x_wconf 87' lang='lat' dir='ltr'>sentire</span> <span class='ocrx_word' id='word_1_24' title='bbox 611 418 774 469; x_wconf 89' lang='lat' dir='ltr'>potest:</span> <span class='ocrx_word' id='word_1_25' title='bbox 823 427 889 454; x_wconf 92' lang='lat' dir='ltr'>res</span> <span class='ocrx_word' id='word_1_26' title='bbox 935 419 1079 468; x_wconf 78' lang='lat' dir='ltr'>gestae</span> <span class='ocrx_word' id='word_1_27' title='bbox 1110 415 1213 455; x_wconf 90' lang='lat' dir='ltr'>item</span> <span class='ocrx_word' id='word_1_28' title='bbox 1244 429 1328 455; x_wconf 90' lang='lat' dir='ltr'>non</span> <span class='ocrx_word' id='word_1_29' title='bbox 1361 418 1457 455; x_wconf 88' lang='lat' dir='ltr'>sunt</span> <span class='ocrx_word' id='word_1_30' title='bbox 1487 428 1562 469; x_wconf 90' lang='lat' dir='ltr'>per</span> <span class='ocrx_word' id='word_1_31' title='bbox 1593 427 1666 466; x_wconf 89' lang='lat' dir='ltr'>se,</span> <span class='ocrx_word' id='word_1_32' title='bbox 1699 413 1772 454; x_wconf 90' lang='lat' dir='ltr'>sed</span> 
     </span>
     <span class='ocr_line' id='line_1_5' title="bbox 155 491 1772 548; baseline -0.002 -14"><span class='ocrx_word' id='word_1_33' title='bbox 155 498 308 534; x_wconf 85' lang='lat' dir='ltr'>eventa</span> <span class='ocrx_word' id='word_1_34' title='bbox 353 506 572 547; x_wconf 86' lang='lat' dir='ltr'>corporum</span> <span class='ocrx_word' id='word_1_35' title='bbox 617 496 689 533; x_wconf 88' lang='lat' dir='ltr'>aut</span> <span class='ocrx_word' id='word_1_36' title='bbox 734 491 919 532; x_wconf 90' lang='lat' dir='ltr'>locorum</span> <span class='ocrx_word' id='word_1_37' title='bbox 965 493 1093 544; x_wconf 81' lang='lat'>(482).</span> <span class='ocrx_word' id='word_1_38' title='bbox 1154 493 1338 548; x_wconf 86' lang='lat' dir='ltr'>Tempus</span> <span class='ocrx_word' id='word_1_39' title='bbox 1370 497 1532 532; x_wconf 88' lang='lat' dir='ltr'>tantum</span> <span class='ocrx_word' id='word_1_40' title='bbox 1564 491 1681 535; x_wconf 85' lang='lat' dir='ltr'>nobis</span> <span class='ocrx_word' id='word_1_41' title='bbox 1711 492 1772 531; x_wconf 92' lang='lat' dir='ltr'>in-</span> 
     </span>
     <span class='ocr_line' id='line_1_6' title="bbox 155 568 1773 625; baseline -0.002 -14"><span class='ocrx_word' id='word_1_42' title='bbox 155 569 266 611; x_wconf 87' lang='lat' dir='ltr'>dicat</span> <span class='ocrx_word' id='word_1_43' title='bbox 295 573 478 621; x_wconf 91' lang='lat' dir='ltr'>motum,</span> <span class='ocrx_word' id='word_1_44' title='bbox 511 582 590 624; x_wconf 93' lang='lat' dir='ltr'>quo</span> <span class='ocrx_word' id='word_1_45' title='bbox 622 568 898 623; x_wconf 84' lang='lat' dir='ltr'>percipimus,</span> <span class='ocrx_word' id='word_1_46' title='bbox 935 573 1215 621; x_wconf 86' lang='lat' dir='ltr'>„transactum</span> <span class='ocrx_word' id='word_1_47' title='bbox 1248 569 1346 625; x_wconf 86' lang='lat' dir='ltr'>quid</span> <span class='ocrx_word' id='word_1_48' title='bbox 1379 570 1430 610; x_wconf 90' lang='lat' dir='ltr'>sit</span> <span class='ocrx_word' id='word_1_49' title='bbox 1461 570 1503 609; x_wconf 93' lang='lat' dir='ltr'>in</span> <span class='ocrx_word' id='word_1_50' title='bbox 1525 582 1651 622; x_wconf 73' lang='lat' dir='ltr'>aevo,</span> <span class='ocrx_word' id='word_1_51' title='bbox 1684 572 1773 609; x_wconf 89' lang='lat' dir='ltr'>tum</span> 
     </span>
     <span class='ocr_line' id='line_1_7' title="bbox 156 645 1773 703; baseline -0.001 -15"><span class='ocrx_word' id='word_1_52' title='bbox 156 661 262 703; x_wconf 89' lang='lat' dir='ltr'>quae</span> <span class='ocrx_word' id='word_1_53' title='bbox 293 661 359 688; x_wconf 89' lang='lat' dir='ltr'>res</span> <span class='ocrx_word' id='word_1_54' title='bbox 390 647 545 698; x_wconf 88' lang='lat' dir='ltr'>instet,</span> <span class='ocrx_word' id='word_1_55' title='bbox 578 645 678 701; x_wconf 90' lang='lat' dir='ltr'>quid</span> <span class='ocrx_word' id='word_1_56' title='bbox 709 659 831 700; x_wconf 90' lang='lat' dir='ltr'>porro</span> <span class='ocrx_word' id='word_1_57' title='bbox 863 645 1014 687; x_wconf 87' lang='lat' dir='ltr'>deinde</span> <span class='ocrx_word' id='word_1_58' title='bbox 1046 648 1269 702; x_wconf 81' lang='lat' dir='ltr'>sequatur&#39;’</span> <span class='ocrx_word' id='word_1_59' title='bbox 1303 648 1427 700; x_wconf 78' lang='lat'>(460).</span> <span class='ocrx_word' id='word_1_60' title='bbox 1475 647 1650 688; x_wconf 78' lang='lat' dir='ltr'>Praeter</span> <span class='ocrx_word' id='word_1_61' title='bbox 1681 645 1773 698; x_wconf 87' lang='lat' dir='ltr'>hoc,</span> 
     </span>
     <span class='ocr_line' id='line_1_8' title="bbox 157 723 1774 781; baseline -0.001 -15"><span class='ocrx_word' id='word_1_62' title='bbox 157 725 267 781; x_wconf 89' lang='lat' dir='ltr'>quod</span> <span class='ocrx_word' id='word_1_63' title='bbox 297 738 420 765; x_wconf 90' lang='lat' dir='ltr'>sensu</span> <span class='ocrx_word' id='word_1_64' title='bbox 451 723 694 779; x_wconf 84' lang='lat' dir='ltr'>percipitur,</span> <span class='ocrx_word' id='word_1_65' title='bbox 726 727 916 778; x_wconf 81' lang='lat' dir='ltr'>tempus,</span> <span class='ocrx_word' id='word_1_66' title='bbox 957 724 1037 765; x_wconf 84' lang='lat' dir='ltr'>alia</span> <span class='ocrx_word' id='word_1_67' title='bbox 1077 725 1223 765; x_wconf 81' lang='lat' dir='ltr'>statuit</span> <span class='ocrx_word' id='word_1_68' title='bbox 1255 739 1344 766; x_wconf 83' lang='lat' dir='ltr'>esse</span> <span class='ocrx_word' id='word_1_69' title='bbox 1377 730 1592 780; x_wconf 88' lang='lat' dir='ltr'>tempora,</span> <span class='ocrx_word' id='word_1_70' title='bbox 1645 724 1774 776; x_wconf 86' lang='lat' dir='ltr'>„ratio</span> 
     </span>
     <span class='ocr_line' id='line_1_9' title="bbox 157 801 1775 858; baseline -0.001 -14"><span class='ocrx_word' id='word_1_71' title='bbox 157 816 263 858; x_wconf 88' lang='lat' dir='ltr'>quae</span> <span class='ocrx_word' id='word_1_72' title='bbox 309 802 511 857; x_wconf 85' lang='lat' dir='ltr'>comperit</span> <span class='ocrx_word' id='word_1_73' title='bbox 558 801 675 842; x_wconf 83' lang='lat' dir='ltr'>esse&#39;’</span> <span class='ocrx_word' id='word_1_74' title='bbox 723 801 814 853; x_wconf 89' lang='lat' dir='ltr'>(IV.</span> <span class='ocrx_word' id='word_1_75' title='bbox 857 802 952 855; x_wconf 82' lang='lat'>794)</span> <span class='ocrx_word' id='word_1_76' title='bbox 998 816 1187 858; x_wconf 88' lang='lat' dir='ltr'>quaeque</span> <span class='ocrx_word' id='word_1_77' title='bbox 1229 803 1362 844; x_wconf 87' lang='lat' dir='ltr'>multa</span> <span class='ocrx_word' id='word_1_78' title='bbox 1399 807 1587 858; x_wconf 85' lang='lat' dir='ltr'>tempore</span> <span class='ocrx_word' id='word_1_79' title='bbox 1618 803 1661 843; x_wconf 89' lang='lat' dir='ltr'>in</span> <span class='ocrx_word' id='word_1_80' title='bbox 1692 815 1775 842; x_wconf 91' lang='lat' dir='ltr'>uno</span> 
     </span>
     <span class='ocr_line' id='line_1_10' title="bbox 156 862 1775 934; baseline -0.001 -13"><span class='ocrx_word' id='word_1_81' title='bbox 156 881 303 921; x_wconf 86' lang='lat' dir='ltr'>latent.</span> <span class='ocrx_word' id='word_1_82' title='bbox 365 879 495 920; x_wconf 78' lang='lat' dir='ltr'>Plura</span> <span class='ocrx_word' id='word_1_83' title='bbox 538 862 681 920; x_wconf 86' lang='lat' dir='ltr'>tamen</span> <span class='ocrx_word' id='word_1_84' title='bbox 722 878 765 919; x_wconf 92' lang='lat' dir='ltr'>in</span> <span class='ocrx_word' id='word_1_85' title='bbox 805 892 850 919; x_wconf 92' lang='lat' dir='ltr'>re</span> <span class='ocrx_word' id='word_1_86' title='bbox 898 883 984 919; x_wconf 90' lang='lat' dir='ltr'>tam</span> <span class='ocrx_word' id='word_1_87' title='bbox 1016 880 1134 934; x_wconf 86' lang='lat' dir='ltr'>gravi</span> <span class='ocrx_word' id='word_1_88' title='bbox 1166 894 1249 920; x_wconf 92' lang='lat' dir='ltr'>non</span> <span class='ocrx_word' id='word_1_89' title='bbox 1294 884 1454 932; x_wconf 86' lang='lat' dir='ltr'>narrat,</span> <span class='ocrx_word' id='word_1_90' title='bbox 1487 886 1534 921; x_wconf 90' lang='lat' dir='ltr'>ut</span> <span class='ocrx_word' id='word_1_91' title='bbox 1565 880 1692 934; x_wconf 77' lang='lat' dir='ltr'>vulgo</span> <span class='ocrx_word' id='word_1_92' title='bbox 1723 878 1775 920; x_wconf 82' lang='lat' dir='ltr'>ab</span> 
     </span>
     <span class='ocr_line' id='line_1_11' title="bbox 159 956 1777 1013; baseline -0.001 -14"><span class='ocrx_word' id='word_1_93' title='bbox 159 957 362 999; x_wconf 90' lang='lat' dir='ltr'>eiusmodi</span> <span class='ocrx_word' id='word_1_94' title='bbox 394 956 718 1011; x_wconf 80' lang='lat' dir='ltr'>cogitationibus</span> <span class='ocrx_word' id='word_1_95' title='bbox 749 956 1035 998; x_wconf 88' lang='lat' dir='ltr'>subtilioribus</span> <span class='ocrx_word' id='word_1_96' title='bbox 1067 971 1173 1013; x_wconf 88' lang='lat' dir='ltr'>quae</span> <span class='ocrx_word' id='word_1_97' title='bbox 1205 957 1258 998; x_wconf 85' lang='lat' dir='ltr'>ad</span> <span class='ocrx_word' id='word_1_98' title='bbox 1288 957 1502 1013; x_wconf 71' lang='lat' dir='ltr'>physicam</span> <span class='ocrx_word' id='word_1_99' title='bbox 1536 972 1618 998; x_wconf 90' lang='lat' dir='ltr'>non</span> <span class='ocrx_word' id='word_1_100' title='bbox 1650 956 1777 1013; x_wconf 86' lang='lat' dir='ltr'>perti-</span> 
     </span>
     <span class='ocr_line' id='line_1_12' title="bbox 158 1034 1777 1090; baseline -0.001 -14"><span class='ocrx_word' id='word_1_101' title='bbox 158 1039 260 1076; x_wconf 91' lang='lat' dir='ltr'>nent</span> <span class='ocrx_word' id='word_1_102' title='bbox 304 1034 498 1076; x_wconf 90' lang='lat' dir='ltr'>abstinet.</span> <span class='ocrx_word' id='word_1_103' title='bbox 562 1034 746 1075; x_wconf 86' lang='lat' dir='ltr'>Uberius</span> <span class='ocrx_word' id='word_1_104' title='bbox 792 1039 933 1075; x_wconf 84' lang='lat' dir='ltr'>autem</span> <span class='ocrx_word' id='word_1_105' title='bbox 980 1034 1187 1090; x_wconf 88' lang='lat' dir='ltr'>Epicurus</span> <span class='ocrx_word' id='word_1_106' title='bbox 1234 1040 1276 1076; x_wconf 88' lang='lat' dir='ltr'>et</span> <span class='ocrx_word' id='word_1_107' title='bbox 1320 1034 1569 1090; x_wconf 91' lang='lat' dir='ltr'>philosopho</span> <span class='ocrx_word' id='word_1_108' title='bbox 1611 1035 1777 1090; x_wconf 83' lang='lat' dir='ltr'>dignius</span> 
     </span>
     <span class='ocr_line' id='line_1_13' title="bbox 160 1112 1779 1168; baseline -0.001 -13"><span class='ocrx_word' id='word_1_109' title='bbox 160 1113 210 1155; x_wconf 87' lang='lat' dir='ltr'>de</span> <span class='ocrx_word' id='word_1_110' title='bbox 242 1117 430 1168; x_wconf 87' lang='lat' dir='ltr'>tempore</span> <span class='ocrx_word' id='word_1_111' title='bbox 463 1112 686 1166; x_wconf 88' lang='lat' dir='ltr'>disseruit;</span> <span class='ocrx_word' id='word_1_112' title='bbox 720 1126 814 1153; x_wconf 85' lang='lat' dir='ltr'>cum</span> <span class='ocrx_word' id='word_1_113' title='bbox 846 1117 986 1154; x_wconf 85' lang='lat' dir='ltr'>tamen</span> <span class='ocrx_word' id='word_1_114' title='bbox 1019 1112 1086 1154; x_wconf 88' lang='lat' dir='ltr'>hic</span> <span class='ocrx_word' id='word_1_115' title='bbox 1119 1112 1169 1153; x_wconf 88' lang='lat' dir='ltr'>de</span> <span class='ocrx_word' id='word_1_116' title='bbox 1202 1113 1389 1154; x_wconf 85' lang='lat' dir='ltr'>Lucretii</span> <span class='ocrx_word' id='word_1_117' title='bbox 1422 1113 1609 1154; x_wconf 81' lang='lat' dir='ltr'>doctrina</span> <span class='ocrx_word' id='word_1_118' title='bbox 1641 1113 1779 1168; x_wconf 91' lang='lat' dir='ltr'>dispu-</span> 
     </span>
     <span class='ocr_line' id='line_1_14' title="bbox 159 1188 1780 1246; baseline -0.001 -14"><span class='ocrx_word' id='word_1_119' title='bbox 159 1195 314 1243; x_wconf 86' lang='lat' dir='ltr'>temus,</span> <span class='ocrx_word' id='word_1_120' title='bbox 346 1204 431 1230; x_wconf 90' lang='lat' dir='ltr'>non</span> <span class='ocrx_word' id='word_1_121' title='bbox 463 1194 525 1230; x_wconf 91' lang='lat' dir='ltr'>est</span> <span class='ocrx_word' id='word_1_122' title='bbox 556 1190 672 1230; x_wconf 88' lang='lat' dir='ltr'>locus</span> <span class='ocrx_word' id='word_1_123' title='bbox 703 1188 808 1230; x_wconf 84' lang='lat' dir='ltr'>haec</span> <span class='ocrx_word' id='word_1_124' title='bbox 840 1190 1019 1245; x_wconf 88' lang='lat' dir='ltr'>amplius</span> <span class='ocrx_word' id='word_1_125' title='bbox 1041 1189 1259 1231; x_wconf 86' lang='lat' dir='ltr'>tractandi.</span> <span class='ocrx_word' id='word_1_126' title='bbox 1308 1190 1432 1231; x_wconf 82' lang='lat' dir='ltr'>Modo</span> <span class='ocrx_word' id='word_1_127' title='bbox 1465 1190 1650 1231; x_wconf 87' lang='lat' dir='ltr'>dicamus</span> <span class='ocrx_word' id='word_1_128' title='bbox 1681 1190 1780 1246; x_wconf 90' lang='lat' dir='ltr'>Epi-</span> 
     </span>
     <span class='ocr_line' id='line_1_15' title="bbox 160 1267 1784 1324; baseline -0.001 -13"><span class='ocrx_word' id='word_1_129' title='bbox 160 1282 305 1311; x_wconf 82' lang='lat' dir='ltr'>cm&#39;um</span> <span class='ocrx_word' id='word_1_130' title='bbox 337 1272 506 1323; x_wconf 79' lang='lat' dir='ltr'>tempus</span> <span class='ocrx_word' id='word_1_131' title='bbox 538 1267 752 1323; x_wconf 80' lang='lat' dir='ltr'>appellare</span> <span class='ocrx_word' id='word_1_132' title='bbox 785 1270 1013 1320; x_wconf 73' lang='grc' dir='ltr'>σύμπτωμα</span> <span class='ocrx_word' id='word_1_133' title='bbox 1053 1269 1384 1321; x_wconf 76' lang='grc' dir='ltr'>συμπτωμάτων,</span> <span class='ocrx_word' id='word_1_134' title='bbox 1418 1269 1709 1324; x_wconf 80' lang='grc' dir='ltr'>παρεπόμενον</span> <span class='ocrx_word' id='word_1_135' title='bbox 1740 1269 1784 1316; x_wconf 86' lang='grc' dir='ltr'>ἡ·</span> 
     </span>
     <span class='ocr_line' id='line_1_16' title="bbox 158 1344 1782 1402; baseline 0 -14"><span class='ocrx_word' id='word_1_136' title='bbox 158 1349 299 1402; x_wconf 82' lang='grc' dir='ltr'>μέραις</span> <span class='ocrx_word' id='word_1_137' title='bbox 329 1364 369 1388; x_wconf 84' lang='grc' dir='ltr'>τε</span> <span class='ocrx_word' id='word_1_138' title='bbox 403 1348 466 1387; x_wconf 79' lang='grc' dir='ltr'>καὶ</span> <span class='ocrx_word' id='word_1_139' title='bbox 501 1344 592 1393; x_wconf 71' lang='grc' dir='ltr'>νυξὶ</span> <span class='ocrx_word' id='word_1_140' title='bbox 626 1348 689 1388; x_wconf 82' lang='grc' dir='ltr'>καὶ</span> <span class='ocrx_word' id='word_1_141' title='bbox 723 1346 848 1401; x_wconf 78' lang='grc' dir='ltr'>ὥραις</span> <span class='ocrx_word' id='word_1_142' title='bbox 881 1349 944 1387; x_wconf 84' lang='grc' dir='ltr'>καὶ</span> <span class='ocrx_word' id='word_1_143' title='bbox 977 1346 1128 1388; x_wconf 64' lang='grc' dir='ltr'>πάθεσι</span> <span class='ocrx_word' id='word_1_144' title='bbox 1161 1349 1223 1388; x_wconf 80' lang='grc' dir='ltr'>καὶ</span> <span class='ocrx_word' id='word_1_145' title='bbox 1256 1347 1474 1398; x_wconf 61' lang='grc' dir='ltr'>ἀπαθείαις</span> <span class='ocrx_word' id='word_1_146' title='bbox 1508 1349 1569 1388; x_wconf 78' lang='grc' dir='ltr'>καὶ</span> <span class='ocrx_word' id='word_1_147' title='bbox 1603 1348 1782 1394; x_wconf 83' lang='grc' dir='ltr'>κινήσεσι</span> 
     </span>
     <span class='ocr_line' id='line_1_17' title="bbox 161 1421 1781 1479; baseline -0.001 -13"><span class='ocrx_word' id='word_1_148' title='bbox 161 1428 225 1466; x_wconf 83' lang='grc' dir='ltr'>καὶ</span> <span class='ocrx_word' id='word_1_149' title='bbox 271 1429 420 1475; x_wconf 86' lang='grc' dir='ltr'>μοναῒς</span> <span class='ocrx_word' id='word_1_150' title='bbox 469 1422 577 1476; x_wconf 86' lang='lat' dir='ltr'>(DL.</span> <span class='ocrx_word' id='word_1_151' title='bbox 625 1421 680 1463; x_wconf 89' lang='lat' dir='ltr'>X.</span> <span class='ocrx_word' id='word_1_152' title='bbox 726 1423 777 1463; x_wconf 80' lang='grc'>73</span> <span class='ocrx_word' id='word_1_153' title='bbox 820 1424 1001 1471; x_wconf 75' lang='grc' dir='ltr'>κινήσεσι</span> <span class='ocrx_word' id='word_1_154' title='bbox 1039 1442 1102 1465; x_wconf 87' lang='grc' dir='ltr'>και</span> <span class='ocrx_word' id='word_1_155' title='bbox 1135 1425 1348 1477; x_wconf 83' lang='grc' dir='ltr'>στάσεσιν)</span> <span class='ocrx_word' id='word_1_156' title='bbox 1382 1423 1499 1465; x_wconf 76' lang='lat' dir='ltr'>Sext.</span> <span class='ocrx_word' id='word_1_157' title='bbox 1533 1423 1655 1479; x_wconf 83' lang='lat' dir='ltr'>Emp.</span> <span class='ocrx_word' id='word_1_158' title='bbox 1688 1423 1781 1465; x_wconf 84' lang='lat' dir='ltr'>adv.</span> 
     </span>
     <span class='ocr_line' id='line_1_18' title="bbox 160 1499 1782 1557; baseline 0 -15"><span class='ocrx_word' id='word_1_159' title='bbox 160 1499 290 1542; x_wconf 89' lang='lat' dir='ltr'>math.</span> <span class='ocrx_word' id='word_1_160' title='bbox 338 1500 393 1541; x_wconf 88' lang='lat' dir='ltr'>X.</span> <span class='ocrx_word' id='word_1_161' title='bbox 441 1501 552 1553; x_wconf 88' lang='lat'>219,</span> <span class='ocrx_word' id='word_1_162' title='bbox 601 1499 717 1541; x_wconf 85' lang='lat' dir='ltr'>Stob.</span> <span class='ocrx_word' id='word_1_163' title='bbox 766 1499 855 1541; x_wconf 90' lang='lat' dir='ltr'>Ecl.</span> <span class='ocrx_word' id='word_1_164' title='bbox 902 1500 936 1540; x_wconf 91' lang='grc' dir='ltr'>Ι.</span> <span class='ocrx_word' id='word_1_165' title='bbox 977 1501 1090 1553; x_wconf 83' lang='grc'>252,</span> <span class='ocrx_word' id='word_1_166' title='bbox 1137 1505 1262 1557; x_wconf 85' lang='lat' dir='ltr'>atque</span> <span class='ocrx_word' id='word_1_167' title='bbox 1294 1501 1346 1542; x_wconf 86' lang='lat' dir='ltr'>ab</span> <span class='ocrx_word' id='word_1_168' title='bbox 1379 1515 1427 1542; x_wconf 92' lang='lat' dir='ltr'>eo</span> <span class='ocrx_word' id='word_1_169' title='bbox 1461 1501 1708 1542; x_wconf 87' lang='lat' dir='ltr'>divisionem</span> <span class='ocrx_word' id='word_1_170' title='bbox 1739 1501 1782 1542; x_wconf 90' lang='lat' dir='ltr'>in</span> 
     </span>
    </p>
   </div>
   <div class='ocr_carea' id='block_1_3' title="bbox 162 1576 1784 1790">
    <p class='ocr_par' dir='ltr' id='par_1_3' title="bbox 162 1576 1784 1790">
     <span class='ocr_line' id='line_1_19' title="bbox 163 1576 1782 1636; baseline -0.001 -15"><span class='ocrx_word' id='word_1_171' title='bbox 163 1580 326 1636; x_wconf 82' lang='grc' dir='ltr'>χρόνον</span> <span class='ocrx_word' id='word_1_172' title='bbox 358 1579 562 1627; x_wconf 65' lang='grc' dir='ltr'>αἰσθητόν</span> <span class='ocrx_word' id='word_1_173' title='bbox 595 1582 637 1619; x_wconf 71' lang='lat' dir='ltr'>et</span> <span class='ocrx_word' id='word_1_174' title='bbox 669 1579 832 1634; x_wconf 78' lang='grc' dir='ltr'>χρόνον</span> <span class='ocrx_word' id='word_1_175' title='bbox 864 1576 928 1620; x_wconf 62' lang='grc' dir='ltr'>διὰ</span> <span class='ocrx_word' id='word_1_176' title='bbox 959 1578 1096 1634; x_wconf 85' lang='grc' dir='ltr'>λόγου</span> <span class='ocrx_word' id='word_1_177' title='bbox 1128 1581 1342 1635; x_wconf 63' lang='grc' dir='ltr'>θεωρητόν</span> <span class='ocrx_word' id='word_1_178' title='bbox 1374 1579 1478 1632; x_wconf 89' lang='lat' dir='ltr'>(DL.</span> <span class='ocrx_word' id='word_1_179' title='bbox 1502 1579 1558 1621; x_wconf 88' lang='lat' dir='ltr'>X.</span> <span class='ocrx_word' id='word_1_180' title='bbox 1581 1580 1649 1633; x_wconf 83' lang='grc'>47)</span> <span class='ocrx_word' id='word_1_181' title='bbox 1671 1579 1782 1620; x_wconf 86' lang='lat' dir='ltr'>oriri.</span> 
     </span>
     <span class='ocr_line' id='line_1_20' title="bbox 220 1655 1784 1713; baseline 0 -15"><span class='ocrx_word' id='word_1_182' title='bbox 220 1656 328 1698; x_wconf 86' lang='lat' dir='ltr'>Cum</span> <span class='ocrx_word' id='word_1_183' title='bbox 360 1656 420 1697; x_wconf 86' lang='lat' dir='ltr'>ita</span> <span class='ocrx_word' id='word_1_184' title='bbox 453 1655 721 1711; x_wconf 83' lang='lat' dir='ltr'>descripserit</span> <span class='ocrx_word' id='word_1_185' title='bbox 758 1655 983 1697; x_wconf 88' lang='lat' dir='ltr'>Lucretius</span> <span class='ocrx_word' id='word_1_186' title='bbox 1015 1656 1115 1712; x_wconf 92' lang='lat' dir='ltr'>quid</span> <span class='ocrx_word' id='word_1_187' title='bbox 1146 1656 1222 1710; x_wconf 89' lang='lat' dir='ltr'>sit,</span> <span class='ocrx_word' id='word_1_188' title='bbox 1245 1657 1344 1713; x_wconf 90' lang='lat' dir='ltr'>quid</span> <span class='ocrx_word' id='word_1_189' title='bbox 1367 1671 1450 1698; x_wconf 90' lang='lat' dir='ltr'>non</span> <span class='ocrx_word' id='word_1_190' title='bbox 1473 1657 1554 1710; x_wconf 91' lang='lat' dir='ltr'>sit,</span> <span class='ocrx_word' id='word_1_191' title='bbox 1588 1656 1638 1698; x_wconf 90' lang='lat' dir='ltr'>de</span> <span class='ocrx_word' id='word_1_192' title='bbox 1660 1656 1784 1698; x_wconf 87' lang='lat' dir='ltr'>modo</span> 
     </span>
     <span class='ocr_line' id='line_1_21' title="bbox 162 1733 1783 1790; baseline -0.001 -14"><span class='ocrx_word' id='word_1_193' title='bbox 162 1749 243 1790; x_wconf 93' lang='lat' dir='ltr'>quo</span> <span class='ocrx_word' id='word_1_194' title='bbox 276 1734 360 1775; x_wconf 89' lang='lat' dir='ltr'>sint</span> <span class='ocrx_word' id='word_1_195' title='bbox 391 1747 537 1775; x_wconf 89' lang='lat' dir='ltr'>omnes</span> <span class='ocrx_word' id='word_1_196' title='bbox 569 1747 636 1774; x_wconf 90' lang='lat' dir='ltr'>res</span> <span class='ocrx_word' id='word_1_197' title='bbox 667 1733 755 1774; x_wconf 88' lang='lat' dir='ltr'>sive</span> <span class='ocrx_word' id='word_1_198' title='bbox 799 1733 850 1774; x_wconf 86' lang='lat' dir='ltr'>de</span> <span class='ocrx_word' id='word_1_199' title='bbox 881 1734 1123 1789; x_wconf 84' lang='lat' dir='ltr'>particulis,</span> <span class='ocrx_word' id='word_1_200' title='bbox 1155 1748 1262 1790; x_wconf 88' lang='lat' dir='ltr'>quae</span> <span class='ocrx_word' id='word_1_201' title='bbox 1280 1748 1349 1776; x_wconf 86' lang='lat' dir='ltr'>eas</span> <span class='ocrx_word' id='word_1_202' title='bbox 1371 1747 1651 1790; x_wconf 85' lang='lat' dir='ltr'>componunt,</span> <span class='ocrx_word' id='word_1_203' title='bbox 1683 1735 1783 1790; x_wconf 87' lang='lat' dir='ltr'>agit.</span> 
     </span>
    </p>
   </div>
   <div class='ocr_carea' id='block_1_4' title="bbox 163 1811 1784 1868">
    <p class='ocr_par' dir='ltr' id='par_1_4' title="bbox 163 1811 1784 1868">
     <span class='ocr_line' id='line_1_22' title="bbox 163 1811 1784 1868; baseline 0 -14"><span class='ocrx_word' id='word_1_204' title='bbox 163 1812 349 1867; x_wconf 86' lang='lat' dir='ltr'>Corpora</span> <span class='ocrx_word' id='word_1_205' title='bbox 378 1815 476 1852; x_wconf 90' lang='lat' dir='ltr'>sunt</span> <span class='ocrx_word' id='word_1_206' title='bbox 502 1811 656 1867; x_wconf 91' lang='lat' dir='ltr'>partim</span> <span class='ocrx_word' id='word_1_207' title='bbox 693 1811 946 1866; x_wconf 90' lang='lat' dir='ltr'>„primordia</span> <span class='ocrx_word' id='word_1_208' title='bbox 975 1812 1144 1853; x_wconf 88' lang='lat' dir='ltr'>rerum&#39;&#39;</span> <span class='ocrx_word' id='word_1_209' title='bbox 1177 1813 1331 1867; x_wconf 87' lang='lat' dir='ltr'>partim</span> <span class='ocrx_word' id='word_1_210' title='bbox 1363 1826 1416 1854; x_wconf 80' lang='lat' dir='ltr'>ex</span> <span class='ocrx_word' id='word_1_211' title='bbox 1453 1813 1654 1864; x_wconf 87' lang='lat' dir='ltr'>„concilio</span> <span class='ocrx_word' id='word_1_212' title='bbox 1677 1826 1784 1868; x_wconf 86' lang='lat' dir='ltr'>quae</span> 
     </span>
    </p>
   </div>
   <div class='ocr_carea' id='block_1_5' title="bbox 725 1889 749 1907">
    <p class='ocr_par' dir='ltr' id='par_1_5' title="bbox 725 1889 749 1907">
     <span class='ocr_line' id='line_1_23' title="bbox 725 1889 749 1907; baseline -0.042 0"><span class='ocrx_word' id='word_1_213' title='bbox 725 1889 749 1907; x_wconf 72' lang='grc' dir='ltr'>Η</span> 
     </span>
    </p>
   </div>
   <div class='ocr_carea' id='block_1_6' title="bbox 163 1889 1786 1946">
    <p class='ocr_par' dir='ltr' id='par_1_6' title="bbox 163 1889 1786 1946">
     <span class='ocr_line' id='line_1_24' title="bbox 163 1889 1786 1946; baseline -0.001 -14"><span class='ocrx_word' id='word_1_214' title='bbox 163 1893 357 1932; x_wconf 85' lang='lat' dir='ltr'>constant</span> <span class='ocrx_word' id='word_1_215' title='bbox 402 1889 719 1945; x_wconf 89' lang='lat' dir='ltr'>principiorum.</span> <span class='ocrx_word' id='word_1_216' title='bbox 810 1889 932 1931; x_wconf 86' lang='lat' dir='ltr'>Haec</span> <span class='ocrx_word' id='word_1_217' title='bbox 963 1889 1192 1945; x_wconf 85' lang='lat' dir='ltr'>primordia</span> <span class='ocrx_word' id='word_1_218' title='bbox 1223 1890 1355 1932; x_wconf 87' lang='lat' dir='ltr'>solida</span> <span class='ocrx_word' id='word_1_219' title='bbox 1395 1891 1478 1932; x_wconf 92' lang='lat' dir='ltr'>sint</span> <span class='ocrx_word' id='word_1_220' title='bbox 1509 1904 1684 1946; x_wconf 87' lang='lat' dir='ltr'>corpora</span> <span class='ocrx_word' id='word_1_221' title='bbox 1713 1904 1786 1932; x_wconf 94' lang='lat' dir='ltr'>ne-</span> 
     </span>
    </p>
   </div>
   <div class='ocr_carea' id='block_1_7' title="bbox 164 1966 1788 2242">
    <p class='ocr_par' dir='ltr' id='par_1_7' title="bbox 164 1966 1788 2242">
     <span class='ocr_line' id='line_1_25' title="bbox 164 1966 1786 2023; baseline -0.001 -14"><span class='ocrx_word' id='word_1_222' title='bbox 164 1980 280 2009; x_wconf 86' lang='lat' dir='ltr'>cesse</span> <span class='ocrx_word' id='word_1_223' title='bbox 327 1970 390 2008; x_wconf 88' lang='lat' dir='ltr'>est</span> <span class='ocrx_word' id='word_1_224' title='bbox 417 1966 453 2020; x_wconf 92' lang='lat'>¹).</span> <span class='ocrx_word' id='word_1_225' title='bbox 514 1966 550 2007; x_wconf 87' lang='grc' dir='ltr'>Ε</span> <span class='ocrx_word' id='word_1_226' title='bbox 598 1980 723 2007; x_wconf 85' lang='lat' dir='ltr'>sensu</span> <span class='ocrx_word' id='word_1_227' title='bbox 759 1970 920 2008; x_wconf 85' lang='lat' dir='ltr'>atomos</span> <span class='ocrx_word' id='word_1_228' title='bbox 951 1980 1041 2008; x_wconf 91' lang='lat' dir='ltr'>esse</span> <span class='ocrx_word' id='word_1_229' title='bbox 1072 1967 1240 2022; x_wconf 87' lang='lat' dir='ltr'>probari</span> <span class='ocrx_word' id='word_1_230' title='bbox 1270 1982 1355 2009; x_wconf 91' lang='lat' dir='ltr'>non</span> <span class='ocrx_word' id='word_1_231' title='bbox 1384 1971 1546 2023; x_wconf 85' lang='lat' dir='ltr'>potest,</span> <span class='ocrx_word' id='word_1_232' title='bbox 1578 1981 1702 2023; x_wconf 84' lang='lat' dir='ltr'>quam</span> <span class='ocrx_word' id='word_1_233' title='bbox 1734 1967 1786 2009; x_wconf 92' lang='lat' dir='ltr'>ob</span> 
     </span>
     <span class='ocr_line' id='line_1_26' title="bbox 164 2045 1787 2101; baseline 0.001 -15"><span class='ocrx_word' id='word_1_234' title='bbox 164 2059 253 2086; x_wconf 89' lang='lat' dir='ltr'>rem</span> <span class='ocrx_word' id='word_1_235' title='bbox 284 2059 307 2086; x_wconf 92' lang='lat' dir='ltr'>e</span> <span class='ocrx_word' id='word_1_236' title='bbox 338 2045 514 2098; x_wconf 86' lang='lat' dir='ltr'>ratione,</span> <span class='ocrx_word' id='word_1_237' title='bbox 546 2058 654 2100; x_wconf 86' lang='lat' dir='ltr'>quae</span> <span class='ocrx_word' id='word_1_238' title='bbox 675 2058 817 2085; x_wconf 88' lang='lat' dir='ltr'>rerum</span> <span class='ocrx_word' id='word_1_239' title='bbox 838 2049 1032 2086; x_wconf 84' lang='lat' dir='ltr'>naturam</span> <span class='ocrx_word' id='word_1_240' title='bbox 1055 2046 1375 2101; x_wconf 85' lang='lat' dir='ltr'>contemplatur,</span> <span class='ocrx_word' id='word_1_241' title='bbox 1407 2046 1615 2088; x_wconf 82' lang='lat' dir='ltr'>auxilium</span> <span class='ocrx_word' id='word_1_242' title='bbox 1642 2050 1787 2101; x_wconf 88' lang='lat' dir='ltr'>peten-</span> 
     </span>
     <span class='ocr_line' id='line_1_27' title="bbox 166 2123 1787 2179; baseline 0.001 -16"><span class='ocrx_word' id='word_1_243' title='bbox 166 2123 265 2164; x_wconf 91' lang='lat' dir='ltr'>dum</span> <span class='ocrx_word' id='word_1_244' title='bbox 287 2127 362 2164; x_wconf 90' lang='lat' dir='ltr'>est.</span> <span class='ocrx_word' id='word_1_245' title='bbox 410 2123 510 2164; x_wconf 85' lang='lat' dir='ltr'>Tria</span> <span class='ocrx_word' id='word_1_246' title='bbox 530 2126 793 2177; x_wconf 85' lang='lat' dir='ltr'>argumenta,</span> <span class='ocrx_word' id='word_1_247' title='bbox 816 2136 922 2178; x_wconf 88' lang='lat' dir='ltr'>quae</span> <span class='ocrx_word' id='word_1_248' title='bbox 945 2138 1055 2164; x_wconf 89' lang='lat' dir='ltr'>nunc</span> <span class='ocrx_word' id='word_1_249' title='bbox 1078 2128 1322 2179; x_wconf 88' lang='lat' dir='ltr'>sequuntur,</span> <span class='ocrx_word' id='word_1_250' title='bbox 1347 2123 1493 2164; x_wconf 91' lang='lat' dir='ltr'>eodem</span> <span class='ocrx_word' id='word_1_251' title='bbox 1515 2123 1787 2165; x_wconf 86' lang='lat' dir='ltr'>fundamento</span> 
     </span>
     <span class='ocr_line' id='line_1_28' title="bbox 172 2200 1788 2242; baseline 0 -1"><span class='ocrx_word' id='word_1_252' title='bbox 172 2200 385 2241; x_wconf 85' lang='lat' dir='ltr'>nituntur:</span> <span class='ocrx_word' id='word_1_253' title='bbox 428 2213 450 2241; x_wconf 91' lang='lat' dir='ltr'>e</span> <span class='ocrx_word' id='word_1_254' title='bbox 496 2204 648 2241; x_wconf 85' lang='lat' dir='ltr'>natura</span> <span class='ocrx_word' id='word_1_255' title='bbox 692 2200 894 2241; x_wconf 84' lang='lat' dir='ltr'>materiae</span> <span class='ocrx_word' id='word_1_256' title='bbox 942 2205 984 2241; x_wconf 91' lang='lat' dir='ltr'>et</span> <span class='ocrx_word' id='word_1_257' title='bbox 1028 2201 1150 2242; x_wconf 86' lang='lat' dir='ltr'>vacui</span> <span class='ocrx_word' id='word_1_258' title='bbox 1197 2200 1460 2242; x_wconf 88' lang='lat' dir='ltr'>concluditur</span> <span class='ocrx_word' id='word_1_259' title='bbox 1501 2205 1660 2242; x_wconf 86' lang='lat' dir='ltr'>atomos</span> <span class='ocrx_word' id='word_1_260' title='bbox 1697 2213 1788 2242; x_wconf 91' lang='lat' dir='ltr'>esse</span> 
     </span>
    </p>
   </div>
   <div class='ocr_carea' id='block_1_8' title="bbox 167 2373 1792 2985">
    <p class='ocr_par' dir='ltr' id='par_1_8' title="bbox 167 2373 1792 2920">
     <span class='ocr_line' id='line_1_29' title="bbox 168 2373 1790 2416; baseline -0.002 -7"><span class='ocrx_word' id='word_1_261' title='bbox 168 2377 244 2415; x_wconf 84' lang='grc' dir='ltr'>τὴν</span> <span class='ocrx_word' id='word_1_262' title='bbox 267 2377 340 2408; x_wconf 86' lang='grc' dir='ltr'>τοῦ</span> <span class='ocrx_word' id='word_1_263' title='bbox 363 2376 462 2408; x_wconf 79' lang='grc' dir='ltr'>ὅλου</span> <span class='ocrx_word' id='word_1_264' title='bbox 486 2373 612 2415; x_wconf 80' lang='grc' dir='ltr'>φύσιν</span> <span class='ocrx_word' id='word_1_265' title='bbox 634 2374 785 2416; x_wconf 82' lang='grc' dir='ltr'>ἔχειν..</span> <span class='ocrx_word' id='word_1_266' title='bbox 820 2375 895 2406; x_wconf 84' lang='grc' dir='ltr'>οὗτε</span> <span class='ocrx_word' id='word_1_267' title='bbox 927 2376 993 2413; x_wconf 80' lang='grc' dir='ltr'>τὴν</span> <span class='ocrx_word' id='word_1_268' title='bbox 1017 2378 1084 2407; x_wconf 83' lang='grc' dir='ltr'>τῶν</span> <span class='ocrx_word' id='word_1_269' title='bbox 1107 2373 1224 2406; x_wconf 75' lang='grc' dir='ltr'>ἀϊδίων</span> <span class='ocrx_word' id='word_1_270' title='bbox 1247 2374 1604 2415; x_wconf 65' lang='grc' dir='ltr'>παρακολουθούντων</span> <span class='ocrx_word' id='word_1_271' title='bbox 1629 2373 1682 2415; x_wconf 75' lang='lat' dir='ltr'>(z</span> <span class='ocrx_word' id='word_1_272' title='bbox 1711 2385 1790 2415; x_wconf 83' lang='grc' dir='ltr'>συμ-</span> 
     </span>
     <span class='ocr_line' id='line_1_30' title="bbox 167 2437 1790 2481; baseline -0.002 -9"><span class='ocrx_word' id='word_1_273' title='bbox 167 2440 377 2481; x_wconf 79' lang='grc' dir='ltr'>βεβηκότων)</span> <span class='ocrx_word' id='word_1_274' title='bbox 411 2439 457 2471; x_wconf 86' lang='grc' dir='ltr'>ὧν</span> <span class='ocrx_word' id='word_1_275' title='bbox 479 2440 560 2471; x_wconf 82' lang='grc' dir='ltr'>ἄνευ</span> <span class='ocrx_word' id='word_1_276' title='bbox 583 2443 675 2480; x_wconf 81' lang='grc' dir='ltr'>σῶμα</span> <span class='ocrx_word' id='word_1_277' title='bbox 700 2440 739 2472; x_wconf 77' lang='grc' dir='ltr'>οὐ</span> <span class='ocrx_word' id='word_1_278' title='bbox 765 2439 910 2472; x_wconf 83' lang='grc' dir='ltr'>δυνατὸν</span> <span class='ocrx_word' id='word_1_279' title='bbox 933 2440 1093 2471; x_wconf 65' lang='grc' dir='ltr'>νοεῖσθαι.</span> <span class='ocrx_word' id='word_1_280' title='bbox 1140 2438 1181 2470; x_wconf 91' lang='lat' dir='ltr'>In</span> <span class='ocrx_word' id='word_1_281' title='bbox 1205 2439 1218 2479; x_wconf 54' lang='grc' dir='ltr'><em>ἑ</em></span> <span class='ocrx_word' id='word_1_282' title='bbox 1243 2440 1278 2471; x_wconf 88' lang='grc'>71</span> <span class='ocrx_word' id='word_1_283' title='bbox 1305 2439 1537 2479; x_wconf 79' lang='grc' dir='ltr'>συμπτώματα</span> <span class='ocrx_word' id='word_1_284' title='bbox 1569 2437 1790 2478; x_wconf 81' lang='lat' dir='ltr'>Praedicatum</span> 
     </span>
     <span class='ocr_line' id='line_1_31' title="bbox 167 2500 1791 2543; baseline -0.002 -8"><span class='ocrx_word' id='word_1_285' title='bbox 167 2503 281 2535; x_wconf 85' lang='lat' dir='ltr'>habet:</span> <span class='ocrx_word' id='word_1_286' title='bbox 317 2504 377 2536; x_wconf 81' lang='grc' dir='ltr'>οὐκ</span> <span class='ocrx_word' id='word_1_287' title='bbox 411 2503 519 2539; x_wconf 58' lang='lat' dir='ltr'>&amp;toccu</span> <span class='ocrx_word' id='word_1_288' title='bbox 555 2502 794 2543; x_wconf 80' lang='grc' dir='ltr'>συμβεβηκότα</span> <span class='ocrx_word' id='word_1_289' title='bbox 829 2506 940 2534; x_wconf 78' lang='lat' dir='ltr'>contra</span> <span class='ocrx_word' id='word_1_290' title='bbox 970 2502 1113 2543; x_wconf 82' lang='lat' dir='ltr'>appellat</span> <span class='ocrx_word' id='word_1_291' title='bbox 1147 2502 1258 2541; x_wconf 78' lang='grc' dir='ltr'>ἀΐδια;</span> <span class='ocrx_word' id='word_1_292' title='bbox 1303 2506 1340 2533; x_wconf 90' lang='lat' dir='ltr'>ut</span> <span class='ocrx_word' id='word_1_293' title='bbox 1374 2501 1615 2543; x_wconf 73' lang='grc' dir='ltr'>συμβεβηκότα</span> <span class='ocrx_word' id='word_1_294' title='bbox 1649 2500 1791 2542; x_wconf 81' lang='lat' dir='ltr'>appellat</span> 
     </span>
     <span class='ocr_line' id='line_1_32' title="bbox 171 2563 1791 2606; baseline -0.003 -7"><span class='ocrx_word' id='word_1_295' title='bbox 171 2566 497 2606; x_wconf 66' lang='grc' dir='ltr'>παρακολουθοῦντα</span> <span class='ocrx_word' id='word_1_296' title='bbox 532 2564 578 2596; x_wconf 82' lang='lat' dir='ltr'>sic</span> <span class='ocrx_word' id='word_1_297' title='bbox 602 2567 880 2606; x_wconf 63' lang='lat' dir='ltr'>‹rvarru&#39;sptc1·r‹z.⁴</span> <span class='ocrx_word' id='word_1_298' title='bbox 924 2566 985 2597; x_wconf 79' lang='grc' dir='ltr'>οὐκ</span> <span class='ocrx_word' id='word_1_299' title='bbox 1017 2564 1108 2596; x_wconf 80' lang='grc' dir='ltr'>ἀΐδια</span> <span class='ocrx_word' id='word_1_300' title='bbox 1143 2566 1469 2604; x_wconf 67' lang='grc' dir='ltr'>παρακολουθοῦντα</span> <span class='ocrx_word' id='word_1_301' title='bbox 1512 2566 1589 2606; x_wconf 87' lang='grc'>(71).</span> <span class='ocrx_word' id='word_1_302' title='bbox 1636 2563 1791 2596; x_wconf 84' lang='lat' dir='ltr'>Constare</span> 
     </span>
     <span class='ocr_line' id='line_1_33' title="bbox 170 2626 1790 2670; baseline -0.001 -11"><span class='ocrx_word' id='word_1_303' title='bbox 170 2628 272 2670; x_wconf 89' lang='lat' dir='ltr'>igitur</span> <span class='ocrx_word' id='word_1_304' title='bbox 294 2627 423 2660; x_wconf 79' lang='lat' dir='ltr'>videtur</span> <span class='ocrx_word' id='word_1_305' title='bbox 445 2627 553 2668; x_wconf 86' lang='lat' dir='ltr'>ipsum</span> <span class='ocrx_word' id='word_1_306' title='bbox 576 2627 756 2667; x_wconf 87' lang='lat' dir='ltr'>Epicurum</span> <span class='ocrx_word' id='word_1_307' title='bbox 778 2627 839 2659; x_wconf 85' lang='lat' dir='ltr'>hoc</span> <span class='ocrx_word' id='word_1_308' title='bbox 873 2626 1046 2659; x_wconf 84' lang='lat' dir='ltr'>discrimen</span> <span class='ocrx_word' id='word_1_309' title='bbox 1069 2627 1214 2668; x_wconf 83' lang='lat' dir='ltr'>posuisse</span> <span class='ocrx_word' id='word_1_310' title='bbox 1229 2651 1236 2665; x_wconf 91' lang='lat'>‚</span> <span class='ocrx_word' id='word_1_311' title='bbox 1273 2627 1401 2659; x_wconf 88' lang='lat' dir='ltr'>etiamsi</span> <span class='ocrx_word' id='word_1_312' title='bbox 1423 2628 1585 2659; x_wconf 86' lang='lat' dir='ltr'>interdum</span> <span class='ocrx_word' id='word_1_313' title='bbox 1599 2651 1607 2666; x_wconf 82' lang='lat'>,</span> <span class='ocrx_word' id='word_1_314' title='bbox 1642 2626 1711 2658; x_wconf 82' lang='lat' dir='ltr'>sive</span> <span class='ocrx_word' id='word_1_315' title='bbox 1733 2636 1790 2657; x_wconf 89' lang='lat' dir='ltr'>ne-</span> 
     </span>
     <span class='ocr_line' id='line_1_34' title="bbox 171 2688 1791 2733; baseline -0.002 -11"><span class='ocrx_word' id='word_1_316' title='bbox 171 2691 345 2733; x_wconf 81' lang='lat' dir='ltr'>gligentia,</span> <span class='ocrx_word' id='word_1_317' title='bbox 386 2691 455 2722; x_wconf 76' lang='lat' dir='ltr'>sive</span> <span class='ocrx_word' id='word_1_318' title='bbox 493 2690 579 2732; x_wconf 91' lang='lat' dir='ltr'>quod</span> <span class='ocrx_word' id='word_1_319' title='bbox 613 2700 678 2721; x_wconf 92' lang='lat' dir='ltr'>non</span> <span class='ocrx_word' id='word_1_320' title='bbox 711 2689 796 2721; x_wconf 88' lang='lat' dir='ltr'>inter</span> <span class='ocrx_word' id='word_1_321' title='bbox 829 2700 862 2721; x_wconf 87' lang='lat' dir='ltr'>se</span> <span class='ocrx_word' id='word_1_322' title='bbox 885 2694 1094 2730; x_wconf 86' lang='lat' dir='ltr'>opponuntur</span> <span class='ocrx_word' id='word_1_323' title='bbox 1126 2690 1366 2730; x_wconf 77' lang='grc' dir='ltr'>συμβεβηκότα</span> <span class='ocrx_word' id='word_1_324' title='bbox 1389 2694 1422 2722; x_wconf 84' lang='lat' dir='ltr'>et</span> <span class='ocrx_word' id='word_1_325' title='bbox 1445 2692 1695 2732; x_wconf 78' lang='grc' dir='ltr'>συμπτώματα,</span> <span class='ocrx_word' id='word_1_326' title='bbox 1730 2688 1791 2720; x_wconf 83' lang='lat' dir='ltr'>hoe</span> 
     </span>
     <span class='ocr_line' id='line_1_35' title="bbox 171 2750 1792 2794; baseline -0.002 -9"><span class='ocrx_word' id='word_1_327' title='bbox 171 2754 309 2785; x_wconf 84' lang='lat' dir='ltr'>alterum</span> <span class='ocrx_word' id='word_1_328' title='bbox 338 2753 534 2785; x_wconf 86' lang='lat' dir='ltr'>vocabulum</span> <span class='ocrx_word' id='word_1_329' title='bbox 568 2752 682 2784; x_wconf 86' lang='lat' dir='ltr'>latiore</span> <span class='ocrx_word' id='word_1_330' title='bbox 706 2763 819 2790; x_wconf 88' lang='lat' dir='ltr'>sensu,</span> <span class='ocrx_word' id='word_1_331' title='bbox 844 2756 882 2784; x_wconf 90' lang='lat' dir='ltr'>ut</span> <span class='ocrx_word' id='word_1_332' title='bbox 910 2752 957 2784; x_wconf 81' lang='lat' dir='ltr'>ita</span> <span class='ocrx_word' id='word_1_333' title='bbox 990 2752 1115 2790; x_wconf 81' lang='lat' dir='ltr'>dicam,</span> <span class='ocrx_word' id='word_1_334' title='bbox 1154 2757 1340 2793; x_wconf 83' lang='lat' dir='ltr'>usurpatur,</span> <span class='ocrx_word' id='word_1_335' title='bbox 1365 2756 1404 2784; x_wconf 85' lang='lat' dir='ltr'>ut</span> <span class='ocrx_word' id='word_1_336' title='bbox 1439 2754 1453 2794; x_wconf 50' lang='grc' dir='ltr'><em>ἕ</em></span> <span class='ocrx_word' id='word_1_337' title='bbox 1480 2755 1519 2785; x_wconf 88' lang='grc'>67</span> <span class='ocrx_word' id='word_1_338' title='bbox 1548 2756 1581 2784; x_wconf 85' lang='lat' dir='ltr'>et</span> <span class='ocrx_word' id='word_1_339' title='bbox 1611 2751 1625 2792; x_wconf 51' lang='grc' dir='ltr'><em>ἕ</em></span> <span class='ocrx_word' id='word_1_340' title='bbox 1652 2752 1702 2789; x_wconf 89' lang='grc'>71,</span> <span class='ocrx_word' id='word_1_341' title='bbox 1732 2750 1792 2782; x_wconf 88' lang='lat' dir='ltr'>ubi</span> 
     </span>
     <span class='ocr_line' id='line_1_36' title="bbox 172 2813 1791 2859; baseline -0.002 -11"><span class='ocrx_word' id='word_1_342' title='bbox 172 2817 280 2849; x_wconf 82' lang='lat' dir='ltr'>omnia</span> <span class='ocrx_word' id='word_1_343' title='bbox 309 2827 441 2859; x_wconf 84' lang='lat' dir='ltr'>corpora</span> <span class='ocrx_word' id='word_1_344' title='bbox 471 2818 704 2858; x_wconf 80' lang='grc' dir='ltr'>συμπτώματα</span> <span class='ocrx_word' id='word_1_345' title='bbox 735 2816 891 2848; x_wconf 82' lang='lat' dir='ltr'>nominat.</span> <span class='ocrx_word' id='word_1_346' title='bbox 939 2816 1033 2852; x_wconf 88' lang='lat' dir='ltr'>Quod</span> <span class='ocrx_word' id='word_1_347' title='bbox 1062 2816 1180 2848; x_wconf 78' lang='lat' dir='ltr'>Sextus</span> <span class='ocrx_word' id='word_1_348' title='bbox 1210 2818 1270 2855; x_wconf 91' lang='grc'>10,</span> <span class='ocrx_word' id='word_1_349' title='bbox 1297 2818 1358 2847; x_wconf 86' lang='grc'>219</span> <span class='ocrx_word' id='word_1_350' title='bbox 1388 2827 1419 2857; x_wconf 89' lang='lat' dir='ltr'>p.</span> <span class='ocrx_word' id='word_1_351' title='bbox 1444 2817 1505 2849; x_wconf 80' lang='lat'>670</span> <span class='ocrx_word' id='word_1_352' title='bbox 1529 2815 1625 2853; x_wconf 82' lang='lat' dir='ltr'>dicit,</span> <span class='ocrx_word' id='word_1_353' title='bbox 1652 2813 1704 2846; x_wconf 83' lang='lat' dir='ltr'>his</span> <span class='ocrx_word' id='word_1_354' title='bbox 1726 2824 1791 2846; x_wconf 91' lang='lat' dir='ltr'>non</span> 
     </span>
     <span class='ocr_line' id='line_1_37' title="bbox 172 2883 342 2920; baseline -0.006 -9"><span class='ocrx_word' id='word_1_355' title='bbox 172 2883 342 2920; x_wconf 80' lang='lat' dir='ltr'>repugnat.</span> 
     </span>
    </p>

    <p class='ocr_par' dir='ltr' id='par_1_9' title="bbox 218 2941 1791 2985">
     <span class='ocr_line' id='line_1_38' title="bbox 218 2941 1791 2985; baseline -0.001 -12"><span class='ocrx_word' id='word_1_356' title='bbox 218 2942 239 2978; x_wconf 77' lang='grc' dir='ltr'>ι)</span> <span class='ocrx_word' id='word_1_357' title='bbox 287 2942 327 2973; x_wconf 92' lang='lat' dir='ltr'>D.</span> <span class='ocrx_word' id='word_1_358' title='bbox 353 2942 390 2974; x_wconf 90' lang='lat' dir='ltr'>L.</span> <span class='ocrx_word' id='word_1_359' title='bbox 415 2942 467 2980; x_wconf 83' lang='lat' dir='ltr'>X,</span> <span class='ocrx_word' id='word_1_360' title='bbox 491 2944 553 2973; x_wconf 82' lang='lat'>40:</span> <span class='ocrx_word' id='word_1_361' title='bbox 587 2945 654 2974; x_wconf 85' lang='grc' dir='ltr'>τῶν</span> <span class='ocrx_word' id='word_1_362' title='bbox 678 2941 840 2983; x_wconf 76' lang='grc' dir='ltr'>σωμάτων</span> <span class='ocrx_word' id='word_1_363' title='bbox 864 2943 906 2974; x_wconf 87' lang='grc' dir='ltr'>τὰ</span> <span class='ocrx_word' id='word_1_364' title='bbox 929 2941 988 2983; x_wconf 81' lang='grc' dir='ltr'>μέν</span> <span class='ocrx_word' id='word_1_365' title='bbox 1013 2941 1083 2973; x_wconf 77' lang='grc' dir='ltr'>ἐστι</span> <span class='ocrx_word' id='word_1_366' title='bbox 1106 2944 1294 2985; x_wconf 75' lang='grc' dir='ltr'>συγκρίσεις</span> <span class='ocrx_word' id='word_1_367' title='bbox 1319 2943 1360 2974; x_wconf 89' lang='grc' dir='ltr'>τὰ</span> <span class='ocrx_word' id='word_1_368' title='bbox 1384 2941 1409 2974; x_wconf 81' lang='grc' dir='ltr'>δ’</span> <span class='ocrx_word' id='word_1_369' title='bbox 1428 2942 1462 2978; x_wconf 73' lang='grc' dir='ltr'>ἐξ</span> <span class='ocrx_word' id='word_1_370' title='bbox 1484 2941 1531 2974; x_wconf 85' lang='grc' dir='ltr'>ὧν</span> <span class='ocrx_word' id='word_1_371' title='bbox 1555 2941 1588 2973; x_wconf 78' lang='grc' dir='ltr'>αἱ</span> <span class='ocrx_word' id='word_1_372' title='bbox 1605 2942 1791 2983; x_wconf 76' lang='grc' dir='ltr'>συγκρίσεις</span> 
     </span>
    </p>
   </div>
   <div class='ocr_carea' id='block_1_9' title="bbox 175 3005 1167 3046">
    <p class='ocr_par' dir='ltr' id='par_1_10' title="bbox 175 3005 1167 3046">
     <span class='ocr_line' id='line_1_39' title="bbox 175 3005 1167 3046; baseline -0.001 -9"><span class='ocrx_word' id='word_1_373' title='bbox 175 3007 398 3044; x_wconf 74' lang='grc' dir='ltr'>πεποίηνται,</span> <span class='ocrx_word' id='word_1_374' title='bbox 424 3007 531 3037; x_wconf 88' lang='grc' dir='ltr'>ταῦτα</span> <span class='ocrx_word' id='word_1_375' title='bbox 558 3005 582 3036; x_wconf 84' lang='grc' dir='ltr'>δ’</span> <span class='ocrx_word' id='word_1_376' title='bbox 609 3006 700 3037; x_wconf 79' lang='grc' dir='ltr'>ἐστὶν</span> <span class='ocrx_word' id='word_1_377' title='bbox 724 3007 830 3046; x_wconf 73' lang='grc' dir='ltr'>ἄτομα</span> <span class='ocrx_word' id='word_1_378' title='bbox 856 3007 910 3037; x_wconf 74' lang='grc' dir='ltr'>καὶ</span> <span class='ocrx_word' id='word_1_379' title='bbox 934 3005 1167 3046; x_wconf 81' lang='grc' dir='ltr'>ἀμετάβλητα.</span> 
     </span>
    </p>
   </div>
  </div>
 </body>
</html>
