1894 3235
931 113 1011 152 124

159 242 324 297 pondus
370 244 573 286 sentimus
604 245 767 287 inesse''
802 248 898 298 (539
930 248 1071 302 seqq).
1132 245 1227 287 Hoc
1257 246 1347 302 ipso
1379 246 1490 302 quod
1525 247 1780 300 „communi-

161 318 238 361 bus
283 321 393 362 inter
439 335 482 362 se
524 322 732 364 radicibus
775 322 977 364 haerent''
1021 328 1132 364 terra
1178 328 1220 364 et
1265 337 1354 377 aer,
1399 324 1489 365 fieri
1522 328 1688 379 potest,
1734 328 1782 366 ut

160 410 233 438 aer
278 402 431 440 terram
476 400 708 453 sustineat,
753 414 831 442 nec
877 415 953 442 sua
997 401 1204 455 gravitate
1250 406 1360 442 terra
1406 401 1536 442 sidat:
1585 407 1632 442 ut
1672 402 1778 443 levis

161 473 224 514 vis
269 475 398 515 animi
443 488 571 530 grave
617 490 766 532 corpus
807 482 949 518 movet
994 478 1286 533 sustinetque,
1335 478 1392 518 sic
1436 477 1541 518 levis
1583 478 1653 518 ille
1677 491 1779 531 aer,

163 552 410 594 coniunctus
459 567 553 594 cum
599 555 717 609 gravi
759 559 895 596 terrae
941 569 1142 611 corpore,
1183 556 1226 596 id
1273 556 1451 597 sustinet
1489 556 1703 612 facitque,
1735 559 1783 597 ut

163 628 206 670 in
247 629 386 671 media
415 631 561 671 mundi
592 632 765 686 regione
787 633 973 688 quiescat
996 634 1038 686 ¹).
1089 632 1292 674 Attamen
1328 633 1558 674 tenendum
1595 638 1659 674 est
1699 637 1781 674 ter-

162 720 252 747 ram
283 711 447 749 tantum
471 709 504 749 si
525 709 670 750 mundi
694 714 835 765 partes
855 710 1102 766 respicimus
1124 710 1362 766 quiescere:
1400 725 1494 752 cum
1517 716 1603 752 toto
1626 711 1781 752 mundo

165 788 308 826 tamen
340 789 382 827 et
413 787 605 828 omnibus
636 788 729 828 aliis
760 787 926 828 mundis
956 792 1161 843 perpetuo
1184 787 1308 829 cadit.
1332 814 1384 818 —
1407 788 1548 829 Huius
1573 788 1785 830 doctrinae

162 862 294 917 partis
354 878 488 919 pauca
543 865 722 920 vestigia
768 869 932 906 tantum
977 865 1214 906 invenimus
1271 865 1314 906 in
1360 866 1532 922 Epicuri
1579 866 1786 921 fragmen·

164 939 245 994 tis,
289 955 396 996 quae
446 945 589 983 tamen
640 943 740 984 satis
790 943 1036 984 Lucretium
1085 943 1189 985 haec
1237 944 1400 997 omnia,
1452 959 1558 1001 quae
1590 945 1787 1000 exposui-

164 1032 283 1072 mus,
331 1019 515 1075 Epicuro
547 1020 727 1074 debere,
772 1021 1079 1063 demonstrant.
1126 1022 1316 1063 Primum
1347 1022 1526 1076 legimus
1557 1022 1787 1078 Epicurum

166 1095 377 1139 docuisse:
424 1101 499 1148 τὴν
530 1107 611 1155 γῆν
642 1104 700 1155 τῷ
730 1101 814 1155 ἀέρι
848 1102 1091 1156 ἐποχεῖσθαι
1109 1098 1168 1154 2);
1216 1105 1436 1156 praeterea
1467 1100 1511 1141 in
1542 1100 1788 1155 fragmentis

165 1174 261 1216 libri
306 1175 372 1217 XI
415 1180 505 1233 περὶ
553 1180 743 1233 φύσεως,
791 1178 867 1219 col.
901 1178 935 1219 I.
968 1177 1072 1219 haec
1104 1178 1234 1219 verba
1265 1182 1361 1219 sunt
1393 1178 1581 1232 integra:
1615 1190 1714 1234 φημι
1745 1197 1787 1221 ευ

163 1271 274 1310 μεσῳ
315 1272 414 1296 ειυαι
455 1273 530 1304 την
561 1270 669 1310 γηυ;
713 1254 892 1310 denique
925 1269 948 1296 e
979 1255 1101 1296 lineis
1136 1257 1206 1309 18,
1253 1257 1326 1309 19,
1375 1257 1428 1297 20
1460 1255 1646 1297 eiusdem
1677 1256 1788 1297 colu-

165 1345 289 1372 mnae
331 1346 534 1387 apparere
574 1332 742 1374 videtur
773 1332 1003 1388 Epicurum
1035 1333 1263 1388 imaginem
1294 1333 1576 1375 membrorum
1607 1334 1790 1389 corporis

166 1423 332 1466 quoque
363 1424 608 1466 usurpasse:
642 1411 822 1466 legimus
854 1412 993 1452 enim:
1033 1431 1096 1454 και
1127 1431 1201 1460 την
1232 1431 1313 1467 γην
1335 1430 1378 1454 εν
1397 1430 1507 1468 μεσῳ
1529 1430 1631 1454 ωστε
1653 1431 1787 1454 wavra

170 1506 269 1530 ΚαΤα
302 1507 443 1544 σχημα
475 1488 623 1531 Κωλων
647 1521 656 1529 .
683 1522 690 1530 .
712 1522 719 1530 .
744 1521 754 1531 0

223 1565 335 1606 Acre
382 1570 471 1607 erat
503 1571 717 1608 certamen
748 1567 858 1608 inter
889 1567 1083 1623 antiquos
1115 1567 1386 1623 philosophos
1418 1567 1468 1608 de
1498 1567 1789 1622 magnitudine

167 1657 387 1699 corporum
434 1645 680 1686 caelestium
699 1643 740 1699 ³).
802 1645 1011 1701 Epicurus
1058 1646 1101 1686 in
1146 1645 1211 1686 his
1247 1645 1372 1686 rebus
1404 1645 1680 1686 diiudicandis
1711 1645 1790 1687 sibi

167 1726 356 1763 constat:
403 1730 493 1772 τοῖς
539 1726 794 1780 ἐναργήμασι
836 1727 1055 1780 προςέχειν
1098 1723 1312 1764 debemus.
1373 1723 1486 1777 Ergo
1532 1725 1578 1765 τὸ
1610 1726 1790 1779 μέγεθος

167 1803 241 1841 τοῦ
275 1799 398 1849 ἡλίου
428 1819 468 1844 τε
500 1804 562 1843 καὶ
594 1805 678 1843 τῶν
710 1802 873 1843 λοιπῶν
905 1801 1071 1856 ἄστρων
1103 1802 1201 1843 κατὰ
1233 1804 1306 1855 μὲν
1336 1802 1386 1842 τὸ
1417 1802 1525 1855 πρὸς
1549 1801 1656 1853 ἡμᾶς
1677 1800 1790 1850 τηλι-

168 1879 319 1920 κοῦτόν
350 1880 459 1921 ἐστιν
491 1880 640 1929 ἡλίκον
673 1882 868 1936 φαίνεται.
930 1879 1172 1934 DiogencS,
1219 1879 1291 1935 qui
1321 1878 1399 1919 hoc
1431 1878 1634 1932 refert,4)
1674 1877 1790 1919 addit

212 1983 236 2025 1)
284 1982 324 2014 V.
349 1985 509 2015 534-63.

211 2047 238 2089 2>
285 2047 326 2079 D.
351 2047 388 2079 L.
425 2047 468 2078 X.
507 2048 545 2080 74
579 2057 606 2078 e.
642 2047 710 2078 cod.
744 2046 834 2078 Leid.
881 2046 989 2088 Vulgo
1011 2046 1090 2078 haec
1114 2045 1213 2078 verba
1235 2045 1480 2087 subiunguntur
1502 2047 1568 2078 illis
1592 2047 1697 2087 δῆλον
1723 2049 1787 2086 ώς;

169 2111 239 2153 [καὶ
263 2111 434 2152 φθαρτούς
457 2118 537 2153 φησι
561 2112 638 2148 τοὺς
655 2111 796 2150 κόσμους
812 2110 1105 2151 μεταβαλλόντων
1121 2114 1189 2141 τῶν
1205 2109 1328 2151 μερῶν]
1347 2109 1455 2141 minus
1471 2114 1579 2142 tamen
1591 2114 1675 2142 reete
1689 2135 1697 2149 ,
1715 2121 1788 2142 cum

167 2175 246 2206 haec
260 2174 358 2206 verba
373 2185 446 2205 cum
462 2173 730 2215 praecedentibus
746 2173 874 2204 nullum
890 2173 1033 2204 habeant
1049 2184 1180 2204 nexum.
1207 2173 1369 2214 Diogenes
1383 2184 1422 2204 ex
1435 2173 1507 2204 aliis
1520 2173 1653 2214 Epicuri
1662 2173 1791 2214 scriptis

167 2248 205 2269 ea
241 2237 400 2269 inseruit:
435 2239 489 2269 καὶ
522 2239 556 2268 ἐν
580 2238 700 2273 ἄλλοις
727 2237 856 2279 (φησὶ),
892 2237 977 2278 quod
1001 2237 1067 2268 cod.
1098 2236 1187 2267 Leid.
1213 2236 1333 2277 aliique
1356 2236 1511 2277 praebent
1534 2240 1608 2267 ante
1633 2236 1731 2268 verba
1753 2236 1788 2268 in

167 2305 261 2332 textu
285 2300 426 2339 laudata,
451 2301 646 2332 servandum
670 2305 728 2332 est.
775 2301 817 2332 In
839 2304 916 2331 nota
940 2300 1064 2331 Corsini
1088 2300 1128 2330 ad
1145 2299 1233 2330 Plac.
1253 2299 1321 2343 ΙΙΙ(
1344 2302 1380 2329 10
1400 2299 1599 2341 (Florentiae
1616 2299 1784 2342 MDCCL)

168 2364 222 2395 ubi
247 2365 408 2403 ostendit,
434 2364 631 2396 Anaximeni
654 2364 737 2395 hanc
761 2364 939 2395 doctrinam
966 2363 1177 2394 Plutarchum
1205 2361 1413 2402 adscripsisse
1433 2362 1493 2401 (διὸ
1514 2363 1565 2393 καὶ
1586 2363 1671 2393 κατὰ
1688 2363 1790 2404 λόγον

168 2429 278 2466 αὐτὴν
313 2428 390 2468 (τήν
420 2430 498 2469 γῆν)
531 2427 727 2469 ἐποχεῖσθαι
757 2426 842 2467 ἀέρι)
868 2427 961 2466 lego:
1001 2425 1076 2464 „Sic
1100 2424 1260 2464 Epicurus
1284 2424 1382 2455 etiam
1406 2425 1569 2456 Tellurem
1592 2423 1660 2455 aeri
1684 2423 1788 2456 veluti

169 2489 372 2521 innatantem
409 2490 549 2522 insidere
573 2490 711 2522 coniecit
734 2490 820 2530 apud
844 2488 1010 2520 Laertium
1036 2488 1106 2519 Lib.
1131 2487 1173 2518 X.
1200 2499 1264 2529 seq.
1292 2489 1341 2520 74.
1366 2489 1432 2526 τήν
1457 2490 1520 2529 γῆν
1546 2489 1592 2528 τῷ
1615 2486 1687 2528 ἀέρι
1713 2487 1789 2519 ἐπο-

169 2555 301 2596 χεῖσθαι
327 2555 350 2586 ὡ
364 2566 380 2590 ς
405 2565 538 2595 συγγε
552 2554 628 2591 νῆ.”
657 2571 695 2575 —-
722 2552 813 2583 Haec
836 2555 997 2592 postrema
1020 2550 1117 2581 verba
1140 2561 1216 2581 sane
1234 2549 1353 2590 optime
1364 2549 1540 2581 concinunt
1556 2560 1629 2580 cuni
1646 2549 1791 2581 Lucretii

169 2628 216 2649 vs.
231 2620 291 2649 549
306 2621 338 2648 et
350 2619 430 2648 554:
471 2627 562 2656 „nam
582 2615 808 2648 communibus
832 2615 916 2646 inter
928 2625 961 2646 se
974 2613 1137 2645 radicibus
1151 2613 1318 2652 haerenff',
1343 2614 1399 2645 sed
1412 2614 1497 2644 unde
1510 2623 1547 2644 ea
1560 2611 1678 2653 petivit
1692 2612 1792 2644 verba

170 2680 357 2712 Corsinus?
402 2680 517 2722 Neque
544 2680 579 2711 in
611 2680 679 2711 cod.
704 2680 794 2711 Leid.
819 2689 924 2720 neque
948 2678 1034 2718 apud
1058 2677 1275 2708 Huebnerum
1299 2686 1404 2718 neque
1427 2676 1513 2716 apud
1538 2675 1789 2714 Schneiderum,

168 2755 274 2785 neque
311 2744 398 2784 apud
434 2743 662 2775 Casaubonum
696 2752 801 2783 neque
832 2742 918 2782 apud
947 2741 1026 2772 alios
1050 2751 1120 2772 eam
1144 2740 1313 2771 lectionem
1338 2739 1484 2770 invenire
1506 2739 1607 2779 potui.
1654 2737 1791 2779 Legitne

168 2807 304 2840 fortasse
328 2806 362 2838 in
386 2806 494 2838 codice
511 2807 650 2848 quodam
668 2805 784 2837 Italo?
809 2804 953 2836 Cobetus
967 2828 975 2842 ‚
1000 2803 1057 2845 qui
1083 2803 1184 2834 Italos
1201 2802 1326 2834 codices
1351 2802 1509 2840 consulit,
1534 2801 1617 2832 nihil
1633 2800 1792 2833 eiusmodi

168 2871 276 2901 refert.

212 2933 237 2973 ³)
286 2933 334 2964 Cf.
361 2932 448 2964 Plut.
473 2932 556 2973 plac.
583 2932 632 2964 ΙΙ.
658 2933 708 2962 21.

214 2996 239 3039 ⁴)
288 2996 330 3027 X.
357 2997 406 3027 91.
453 2995 560 3028 Verba
593 2997 680 3027 ἄλλο
716 2997 778 3039 γὰρ
800 3022 804 3026 .
823 3019 852 3026 ..
878 2995 948 3027 ἐστι
983 2993 1127 3026 difficilia
1159 2997 1235 3026 sunt
1258 2992 1484 3035 interpretatu.
1531 2991 1612 3024 Ritt.
1637 2994 1669 3023 et
1691 2990 1788 3023 Prell.
