<?xml version="1.0" encoding="UTF-8"?>
<!DOCTYPE html PUBLIC "-//W3C//DTD XHTML 1.0 Transitional//EN"
    "http://www.w3.org/TR/xhtml1/DTD/xhtml1-transitional.dtd">
<html xmlns="http://www.w3.org/1999/xhtml" xml:lang="en" lang="en">
 <head>
  <title>
</title>
<meta http-equiv="Content-Type" content="text/html;charset=utf-8" />
  <meta name='ocr-system' content='tesseract 3.04.00' />
  <meta name='ocr-capabilities' content='ocr_page ocr_carea ocr_par ocr_line ocrx_word'/>
</head>
<body>
  <div class='ocr_page' id='page_1' title='image "./lucretiiphilosop00woltuoft_0118.png"; bbox 0 0 1894 3235; ppageno 0'>
   <div class='ocr_carea' id='block_1_1' title="bbox 447 465 1393 560">
    <p class='ocr_par' dir='ltr' id='par_1_1' title="bbox 447 465 1393 560">
     <span class='ocr_line' id='line_1_1' title="bbox 447 465 1393 560; baseline 0.001 -36"><span class='ocrx_word' id='word_1_1' title='bbox 447 465 805 526; x_wconf 84' lang='lat' dir='ltr'><strong>CAPUT</strong></span> <span class='ocrx_word' id='word_1_2' title='bbox 876 465 1393 560; x_wconf 74' lang='lat' dir='ltr'><strong>QUINTUM.</strong></span> 
     </span>
    </p>
   </div>
   <div class='ocr_carea' id='block_1_2' title="bbox 579 803 1266 845">
    <p class='ocr_par' dir='ltr' id='par_1_2' title="bbox 579 803 1266 845">
     <span class='ocr_line' id='line_1_2' title="bbox 579 803 1266 845; baseline 0.004 -3"><span class='ocrx_word' id='word_1_3' title='bbox 579 803 680 842; x_wconf 82' lang='grc' dir='ltr'>ΟΕ</span> <span class='ocrx_word' id='word_1_4' title='bbox 763 803 1266 845; x_wconf 70' lang='grc' dir='ltr'>ΜΕΤΕΟΗΙΒ.</span> 
     </span>
    </p>
   </div>
   <div class='ocr_carea' id='block_1_3' title="bbox 751 927 1098 981">
    <p class='ocr_par' dir='ltr' id='par_1_3' title="bbox 751 927 1098 981">
     <span class='ocr_line' id='line_1_3' title="bbox 751 927 1098 981; baseline -0.003 -12"><span class='ocrx_word' id='word_1_5' title='bbox 751 927 889 981; x_wconf 81' lang='lat' dir='ltr'>(Lucr.</span> <span class='ocrx_word' id='word_1_6' title='bbox 921 927 993 968; x_wconf 90' lang='lat' dir='ltr'>lib.</span> <span class='ocrx_word' id='word_1_7' title='bbox 1025 927 1098 981; x_wconf 90' lang='lat' dir='ltr'>V.)</span> 
     </span>
    </p>
   </div>
   <div class='ocr_carea' id='block_1_4' title="bbox 108 1064 1737 2914">
    <p class='ocr_par' dir='ltr' id='par_1_4' title="bbox 108 1064 1737 2914">
     <span class='ocr_line' id='line_1_4' title="bbox 167 1064 1733 1120; baseline 0.001 -15"><span class='ocrx_word' id='word_1_8' title='bbox 167 1064 264 1120; x_wconf 90' lang='lat' dir='ltr'>Ipse</span> <span class='ocrx_word' id='word_1_9' title='bbox 295 1068 422 1120; x_wconf 88' lang='lat' dir='ltr'>poeta</span> <span class='ocrx_word' id='word_1_10' title='bbox 452 1064 577 1106; x_wconf 88' lang='lat' dir='ltr'>huius</span> <span class='ocrx_word' id='word_1_11' title='bbox 607 1065 703 1106; x_wconf 84' lang='lat' dir='ltr'>libri</span> <span class='ocrx_word' id='word_1_12' title='bbox 735 1070 1034 1120; x_wconf 71' lang='lat' dir='ltr'>argumentum</span> <span class='ocrx_word' id='word_1_13' title='bbox 1068 1066 1254 1107; x_wconf 83' lang='lat' dir='ltr'>indicat:</span> <span class='ocrx_word' id='word_1_14' title='bbox 1291 1080 1426 1118; x_wconf 81' lang='lat' dir='ltr'>„nune</span> <span class='ocrx_word' id='word_1_15' title='bbox 1457 1065 1538 1107; x_wconf 85' lang='lat' dir='ltr'>hue</span> <span class='ocrx_word' id='word_1_16' title='bbox 1559 1066 1733 1107; x_wconf 83' lang='lat' dir='ltr'>rationis</span> 
     </span>
     <span class='ocr_line' id='line_1_5' title="bbox 111 1141 1733 1200; baseline 0 -17"><span class='ocrx_word' id='word_1_17' title='bbox 111 1141 262 1184; x_wconf 86' lang='lat' dir='ltr'>detulit</span> <span class='ocrx_word' id='word_1_18' title='bbox 303 1142 430 1196; x_wconf 90' lang='lat' dir='ltr'>ordo,</span> <span class='ocrx_word' id='word_1_19' title='bbox 476 1147 523 1184; x_wconf 93' lang='lat' dir='ltr'>ut</span> <span class='ocrx_word' id='word_1_20' title='bbox 569 1143 673 1184; x_wconf 83' lang='lat' dir='ltr'>mihi</span> <span class='ocrx_word' id='word_1_21' title='bbox 714 1144 884 1189; x_wconf 63' lang='lat' dir='ltr'>&gt;mortali</span> <span class='ocrx_word' id='word_1_22' title='bbox 932 1145 1160 1185; x_wconf 76' lang='lat' dir='ltr'>consistere</span> <span class='ocrx_word' id='word_1_23' title='bbox 1193 1158 1363 1200; x_wconf 83' lang='lat' dir='ltr'>corpore</span> <span class='ocrx_word' id='word_1_24' title='bbox 1393 1144 1597 1185; x_wconf 87' lang='lat' dir='ltr'>mundum</span> <span class='ocrx_word' id='word_1_25' title='bbox 1627 1143 1733 1184; x_wconf 87' lang='lat' dir='ltr'>nati-</span> 
     </span>
     <span class='ocr_line' id='line_1_6' title="bbox 109 1220 1734 1277; baseline 0.001 -16"><span class='ocrx_word' id='word_1_26' title='bbox 109 1234 289 1276; x_wconf 85' lang='lat' dir='ltr'>vomque</span> <span class='ocrx_word' id='word_1_27' title='bbox 336 1220 460 1261; x_wconf 90' lang='lat' dir='ltr'>simul</span> <span class='ocrx_word' id='word_1_28' title='bbox 490 1221 596 1262; x_wconf 89' lang='lat' dir='ltr'>ratio</span> <span class='ocrx_word' id='word_1_29' title='bbox 628 1221 845 1263; x_wconf 76' lang='lat' dir='ltr'>reddunda</span> <span class='ocrx_word' id='word_1_30' title='bbox 876 1222 929 1262; x_wconf 91' lang='lat' dir='ltr'>sit</span> <span class='ocrx_word' id='word_1_31' title='bbox 961 1236 1050 1263; x_wconf 88' lang='lat' dir='ltr'>esse</span> <span class='ocrx_word' id='word_1_32' title='bbox 1084 1223 1161 1276; x_wconf 75' lang='lat' dir='ltr'>(vs.</span> <span class='ocrx_word' id='word_1_33' title='bbox 1195 1223 1468 1276; x_wconf 65' lang='lat'>235—415);</span> <span class='ocrx_word' id='word_1_34' title='bbox 1511 1226 1552 1263; x_wconf 87' lang='lat' dir='ltr'>et</span> <span class='ocrx_word' id='word_1_35' title='bbox 1583 1221 1734 1277; x_wconf 84' lang='lat' dir='ltr'>quibus</span> 
     </span>
     <span class='ocr_line' id='line_1_7' title="bbox 108 1298 1733 1353; baseline 0.001 -14"><span class='ocrx_word' id='word_1_36' title='bbox 108 1298 180 1340; x_wconf 88' lang='lat' dir='ltr'>ille</span> <span class='ocrx_word' id='word_1_37' title='bbox 228 1298 361 1339; x_wconf 90' lang='lat' dir='ltr'>modis</span> <span class='ocrx_word' id='word_1_38' title='bbox 403 1312 652 1353; x_wconf 81' lang='lat' dir='ltr'>congressus</span> <span class='ocrx_word' id='word_1_39' title='bbox 698 1300 890 1340; x_wconf 80' lang='lat' dir='ltr'>materiai</span> <span class='ocrx_word' id='word_1_40' title='bbox 932 1300 1117 1341; x_wconf 85' lang='lat' dir='ltr'>fundarit</span> <span class='ocrx_word' id='word_1_41' title='bbox 1151 1304 1332 1353; x_wconf 82' lang='lat' dir='ltr'>terram,</span> <span class='ocrx_word' id='word_1_42' title='bbox 1380 1300 1570 1353; x_wconf 85' lang='lat' dir='ltr'>eaelum,</span> <span class='ocrx_word' id='word_1_43' title='bbox 1618 1313 1733 1340; x_wconf 81' lang='lat' dir='ltr'>mare</span> 
     </span>
     <span class='ocr_line' id='line_1_8' title="bbox 109 1375 1734 1432; baseline 0 -15"><span class='ocrx_word' id='word_1_44' title='bbox 109 1375 270 1429; x_wconf 88' lang='lat' dir='ltr'>sidera,</span> <span class='ocrx_word' id='word_1_45' title='bbox 317 1375 474 1429; x_wconf 87' lang='lat' dir='ltr'>solem,</span> <span class='ocrx_word' id='word_1_46' title='bbox 522 1376 721 1432; x_wconf 84' lang='lat' dir='ltr'>lunaique</span> <span class='ocrx_word' id='word_1_47' title='bbox 768 1376 939 1431; x_wconf 85' lang='lat' dir='ltr'>globum</span> <span class='ocrx_word' id='word_1_48' title='bbox 987 1378 1277 1431; x_wconf 71' lang='lat'>(415—772)3</span> <span class='ocrx_word' id='word_1_49' title='bbox 1325 1382 1414 1418; x_wconf 88' lang='lat' dir='ltr'>tum</span> <span class='ocrx_word' id='word_1_50' title='bbox 1446 1390 1552 1432; x_wconf 82' lang='lat' dir='ltr'>quae</span> <span class='ocrx_word' id='word_1_51' title='bbox 1584 1376 1734 1417; x_wconf 87' lang='lat' dir='ltr'>tellure</span> 
     </span>
     <span class='ocr_line' id='line_1_9' title="bbox 109 1453 1732 1510; baseline 0.001 -16"><span class='ocrx_word' id='word_1_52' title='bbox 109 1453 345 1495; x_wconf 83' lang='lat' dir='ltr'>animantes</span> <span class='ocrx_word' id='word_1_53' title='bbox 392 1454 640 1507; x_wconf 75' lang='lat' dir='ltr'>extiterint,</span> <span class='ocrx_word' id='word_1_54' title='bbox 689 1459 730 1495; x_wconf 88' lang='lat' dir='ltr'>et</span> <span class='ocrx_word' id='word_1_55' title='bbox 771 1469 877 1510; x_wconf 87' lang='lat' dir='ltr'>quae</span> <span class='ocrx_word' id='word_1_56' title='bbox 924 1455 1038 1496; x_wconf 87' lang='lat' dir='ltr'>nullo</span> <span class='ocrx_word' id='word_1_57' title='bbox 1087 1456 1169 1496; x_wconf 87' lang='lat' dir='ltr'>sint</span> <span class='ocrx_word' id='word_1_58' title='bbox 1200 1460 1389 1510; x_wconf 88' lang='lat' dir='ltr'>tempore</span> <span class='ocrx_word' id='word_1_59' title='bbox 1422 1460 1545 1496; x_wconf 88' lang='lat' dir='ltr'>natae</span> <span class='ocrx_word' id='word_1_60' title='bbox 1578 1456 1732 1505; x_wconf 67' lang='grc'>(772-</span> 
     </span>
     <span class='ocr_line' id='line_1_10' title="bbox 113 1532 1735 1590; baseline 0.001 -18"><span class='ocrx_word' id='word_1_61' title='bbox 113 1533 269 1587; x_wconf 84' lang='grc' dir='ltr'>1Οο1);</span> <span class='ocrx_word' id='word_1_62' title='bbox 319 1546 454 1588; x_wconf 75' lang='lat' dir='ltr'>quove</span> <span class='ocrx_word' id='word_1_63' title='bbox 499 1532 623 1573; x_wconf 88' lang='lat' dir='ltr'>modo</span> <span class='ocrx_word' id='word_1_64' title='bbox 670 1546 803 1588; x_wconf 85' lang='lat' dir='ltr'>genus</span> <span class='ocrx_word' id='word_1_65' title='bbox 849 1533 1082 1575; x_wconf 87' lang='lat' dir='ltr'>humanum</span> <span class='ocrx_word' id='word_1_66' title='bbox 1113 1534 1303 1575; x_wconf 74' lang='lat' dir='ltr'>variante</span> <span class='ocrx_word' id='word_1_67' title='bbox 1334 1534 1518 1590; x_wconf 81' lang='lat' dir='ltr'>loquella</span> <span class='ocrx_word' id='word_1_68' title='bbox 1549 1533 1735 1589; x_wconf 84' lang='lat' dir='ltr'>eoeperit</span> 
     </span>
     <span class='ocr_line' id='line_1_11' title="bbox 109 1609 1733 1667; baseline 0.001 -17"><span class='ocrx_word' id='word_1_69' title='bbox 109 1609 221 1651; x_wconf 87' lang='lat' dir='ltr'>inter</span> <span class='ocrx_word' id='word_1_70' title='bbox 267 1623 311 1651; x_wconf 91' lang='lat' dir='ltr'>se</span> <span class='ocrx_word' id='word_1_71' title='bbox 357 1610 470 1651; x_wconf 82' lang='lat' dir='ltr'>vesei</span> <span class='ocrx_word' id='word_1_72' title='bbox 516 1624 592 1665; x_wconf 90' lang='lat' dir='ltr'>per</span> <span class='ocrx_word' id='word_1_73' title='bbox 637 1611 808 1651; x_wconf 82' lang='lat' dir='ltr'>nomina</span> <span class='ocrx_word' id='word_1_74' title='bbox 838 1625 979 1652; x_wconf 88' lang='lat' dir='ltr'>rerum</span> <span class='ocrx_word' id='word_1_75' title='bbox 1013 1613 1361 1665; x_wconf 70' lang='lat' dir='ltr'>(mm—1090),</span> <span class='ocrx_word' id='word_1_76' title='bbox 1410 1616 1451 1652; x_wconf 87' lang='lat' dir='ltr'>et</span> <span class='ocrx_word' id='word_1_77' title='bbox 1482 1611 1632 1667; x_wconf 89' lang='lat' dir='ltr'>quibus</span> <span class='ocrx_word' id='word_1_78' title='bbox 1663 1611 1733 1651; x_wconf 90' lang='lat' dir='ltr'>ille</span> 
     </span>
     <span class='ocr_line' id='line_1_12' title="bbox 109 1687 1733 1744; baseline 0.001 -16"><span class='ocrx_word' id='word_1_79' title='bbox 109 1687 245 1728; x_wconf 87' lang='lat' dir='ltr'>modis</span> <span class='ocrx_word' id='word_1_80' title='bbox 302 1687 442 1728; x_wconf 82' lang='lat' dir='ltr'>divom</span> <span class='ocrx_word' id='word_1_81' title='bbox 488 1691 626 1729; x_wconf 85' lang='lat' dir='ltr'>metus</span> <span class='ocrx_word' id='word_1_82' title='bbox 671 1688 893 1729; x_wconf 82' lang='lat' dir='ltr'>insinuarit</span> <span class='ocrx_word' id='word_1_83' title='bbox 939 1693 1137 1743; x_wconf 85' lang='lat' dir='ltr'>pectora,</span> <span class='ocrx_word' id='word_1_84' title='bbox 1185 1693 1391 1730; x_wconf 82' lang='lat' dir='ltr'>terrarum</span> <span class='ocrx_word' id='word_1_85' title='bbox 1438 1689 1507 1744; x_wconf 91' lang='lat' dir='ltr'>qui</span> <span class='ocrx_word' id='word_1_86' title='bbox 1555 1689 1598 1729; x_wconf 87' lang='lat' dir='ltr'>in</span> <span class='ocrx_word' id='word_1_87' title='bbox 1644 1689 1733 1730; x_wconf 91' lang='lat' dir='ltr'>orbi</span> 
     </span>
     <span class='ocr_line' id='line_1_13' title="bbox 111 1766 1733 1823; baseline 0.001 -17"><span class='ocrx_word' id='word_1_88' title='bbox 111 1769 256 1807; x_wconf 85' lang='lat' dir='ltr'>sancta</span> <span class='ocrx_word' id='word_1_89' title='bbox 301 1770 444 1807; x_wconf 89' lang='lat' dir='ltr'>tuetur</span> <span class='ocrx_word' id='word_1_90' title='bbox 484 1766 581 1807; x_wconf 83' lang='lat' dir='ltr'>fana</span> <span class='ocrx_word' id='word_1_91' title='bbox 620 1766 736 1808; x_wconf 82' lang='lat' dir='ltr'>lacus</span> <span class='ocrx_word' id='word_1_92' title='bbox 766 1767 882 1808; x_wconf 80' lang='lat' dir='ltr'>lucos</span> <span class='ocrx_word' id='word_1_93' title='bbox 913 1781 1006 1808; x_wconf 82' lang='lat' dir='ltr'>aras</span> <span class='ocrx_word' id='word_1_94' title='bbox 1038 1767 1342 1823; x_wconf 79' lang='lat' dir='ltr'>simulacraque</span> <span class='ocrx_word' id='word_1_95' title='bbox 1375 1767 1515 1808; x_wconf 89' lang='lat' dir='ltr'>divom</span> <span class='ocrx_word' id='word_1_96' title='bbox 1547 1768 1733 1821; x_wconf 86' lang='grc'>(1161-</span> 
     </span>
     <span class='ocr_line' id='line_1_14' title="bbox 113 1843 1735 1900; baseline 0.001 -16"><span class='ocrx_word' id='word_1_97' title='bbox 113 1844 254 1893; x_wconf 85' lang='grc'>1241).</span> <span class='ocrx_word' id='word_1_98' title='bbox 315 1843 545 1885; x_wconf 81' lang='lat' dir='ltr'>Praeterea</span> <span class='ocrx_word' id='word_1_99' title='bbox 582 1843 682 1885; x_wconf 86' lang='lat' dir='ltr'>solis</span> <span class='ocrx_word' id='word_1_100' title='bbox 714 1858 859 1885; x_wconf 87' lang='lat' dir='ltr'>cursus</span> <span class='ocrx_word' id='word_1_101' title='bbox 890 1844 1100 1900; x_wconf 81' lang='lat' dir='ltr'>lunaeque</span> <span class='ocrx_word' id='word_1_102' title='bbox 1131 1849 1295 1886; x_wconf 83' lang='lat' dir='ltr'>meatus</span> <span class='ocrx_word' id='word_1_103' title='bbox 1326 1844 1549 1900; x_wconf 75' lang='lat' dir='ltr'>expediam</span> <span class='ocrx_word' id='word_1_104' title='bbox 1581 1858 1664 1900; x_wconf 83' lang='lat' dir='ltr'>qua</span> <span class='ocrx_word' id='word_1_105' title='bbox 1693 1844 1735 1885; x_wconf 88' lang='lat' dir='ltr'>vi</span> 
     </span>
     <span class='ocr_line' id='line_1_15' title="bbox 109 1921 1735 1977; baseline 0 -15"><span class='ocrx_word' id='word_1_106' title='bbox 109 1921 252 1962; x_wconf 84' lang='lat' dir='ltr'>flectat</span> <span class='ocrx_word' id='word_1_107' title='bbox 298 1924 451 1963; x_wconf 85' lang='lat' dir='ltr'>natura</span> <span class='ocrx_word' id='word_1_108' title='bbox 495 1921 793 1976; x_wconf 85' lang='lat' dir='ltr'>gubernans&#39;&#39;:</span> <span class='ocrx_word' id='word_1_109' title='bbox 840 1921 949 1963; x_wconf 83' lang='lat' dir='ltr'>hanc</span> <span class='ocrx_word' id='word_1_110' title='bbox 994 1925 1161 1977; x_wconf 87' lang='lat' dir='ltr'>partem</span> <span class='ocrx_word' id='word_1_111' title='bbox 1208 1925 1350 1963; x_wconf 83' lang='lat' dir='ltr'>tamen</span> <span class='ocrx_word' id='word_1_112' title='bbox 1383 1936 1509 1977; x_wconf 87' lang='lat' dir='ltr'>supra</span> <span class='ocrx_word' id='word_1_113' title='bbox 1539 1921 1735 1963; x_wconf 73' lang='lat' dir='ltr'>tractavit</span> 
     </span>
     <span class='ocr_line' id='line_1_16' title="bbox 109 1999 1736 2056; baseline 0.001 -16"><span class='ocrx_word' id='word_1_114' title='bbox 109 2003 236 2055; x_wconf 80' lang='lat' dir='ltr'>poeta</span> <span class='ocrx_word' id='word_1_115' title='bbox 280 2013 341 2040; x_wconf 87' lang='lat' dir='ltr'>vs.</span> <span class='ocrx_word' id='word_1_116' title='bbox 386 2001 468 2041; x_wconf 87' lang='lat'>509</span> <span class='ocrx_word' id='word_1_117' title='bbox 502 2014 589 2056; x_wconf 87' lang='lat' dir='ltr'>sqq.</span> <span class='ocrx_word' id='word_1_118' title='bbox 650 1999 707 2041; x_wconf 93' lang='lat' dir='ltr'>Et</span> <span class='ocrx_word' id='word_1_119' title='bbox 737 2014 790 2041; x_wconf 87' lang='lat' dir='ltr'>ne</span> <span class='ocrx_word' id='word_1_120' title='bbox 822 2001 962 2042; x_wconf 86' lang='lat' dir='ltr'>omnia</span> <span class='ocrx_word' id='word_1_121' title='bbox 993 2000 1164 2056; x_wconf 87' lang='lat' dir='ltr'>quidem</span> <span class='ocrx_word' id='word_1_122' title='bbox 1196 2005 1415 2041; x_wconf 80' lang='lat' dir='ltr'>enumerat</span> <span class='ocrx_word' id='word_1_123' title='bbox 1447 2014 1553 2056; x_wconf 88' lang='lat' dir='ltr'>quae</span> <span class='ocrx_word' id='word_1_124' title='bbox 1585 2004 1736 2041; x_wconf 83' lang='lat' dir='ltr'>tracta-</span> 
     </span>
     <span class='ocr_line' id='line_1_17' title="bbox 109 2077 1736 2135; baseline 0 -17"><span class='ocrx_word' id='word_1_125' title='bbox 109 2080 229 2118; x_wconf 81' lang='lat' dir='ltr'>turus</span> <span class='ocrx_word' id='word_1_126' title='bbox 271 2081 355 2119; x_wconf 89' lang='lat' dir='ltr'>est:</span> <span class='ocrx_word' id='word_1_127' title='bbox 403 2082 498 2134; x_wconf 90' lang='lat' dir='ltr'>post</span> <span class='ocrx_word' id='word_1_128' title='bbox 542 2092 601 2119; x_wconf 83' lang='lat' dir='ltr'>vs.</span> <span class='ocrx_word' id='word_1_129' title='bbox 648 2080 752 2120; x_wconf 73' lang='lat'>1241</span> <span class='ocrx_word' id='word_1_130' title='bbox 799 2079 911 2120; x_wconf 89' lang='lat' dir='ltr'>enim</span> <span class='ocrx_word' id='word_1_131' title='bbox 942 2083 1106 2133; x_wconf 83' lang='lat' dir='ltr'>narrat,</span> <span class='ocrx_word' id='word_1_132' title='bbox 1152 2078 1358 2135; x_wconf 87' lang='lat' dir='ltr'>quomodo</span> <span class='ocrx_word' id='word_1_133' title='bbox 1390 2078 1581 2119; x_wconf 85' lang='lat' dir='ltr'>homines</span> <span class='ocrx_word' id='word_1_134' title='bbox 1612 2077 1736 2119; x_wconf 89' lang='lat' dir='ltr'>rudes</span> 
     </span>
     <span class='ocr_line' id='line_1_18' title="bbox 111 2154 1736 2212; baseline 0 -17"><span class='ocrx_word' id='word_1_135' title='bbox 111 2154 270 2195; x_wconf 78' lang='lat' dir='ltr'>exculti</span> <span class='ocrx_word' id='word_1_136' title='bbox 303 2154 412 2209; x_wconf 90' lang='lat' dir='ltr'>sint,</span> <span class='ocrx_word' id='word_1_137' title='bbox 452 2159 494 2196; x_wconf 90' lang='lat' dir='ltr'>et</span> <span class='ocrx_word' id='word_1_138' title='bbox 526 2156 688 2209; x_wconf 85' lang='lat' dir='ltr'>omnia,</span> <span class='ocrx_word' id='word_1_139' title='bbox 720 2170 827 2212; x_wconf 85' lang='lat' dir='ltr'>quae</span> <span class='ocrx_word' id='word_1_140' title='bbox 859 2156 911 2196; x_wconf 88' lang='lat' dir='ltr'>ad</span> <span class='ocrx_word' id='word_1_141' title='bbox 943 2157 1056 2197; x_wconf 86' lang='lat' dir='ltr'>vitae</span> <span class='ocrx_word' id='word_1_142' title='bbox 1087 2171 1209 2197; x_wconf 88' lang='lat' dir='ltr'>usum</span> <span class='ocrx_word' id='word_1_143' title='bbox 1241 2160 1283 2197; x_wconf 88' lang='lat' dir='ltr'>et</span> <span class='ocrx_word' id='word_1_144' title='bbox 1314 2169 1451 2196; x_wconf 88' lang='lat' dir='ltr'>mores</span> <span class='ocrx_word' id='word_1_145' title='bbox 1484 2154 1736 2196; x_wconf 77' lang='lat' dir='ltr'>excolendos</span> 
     </span>
     <span class='ocr_line' id='line_1_19' title="bbox 109 2233 1736 2289; baseline 0 -16"><span class='ocrx_word' id='word_1_146' title='bbox 109 2233 231 2274; x_wconf 86' lang='lat' dir='ltr'>utilia</span> <span class='ocrx_word' id='word_1_147' title='bbox 263 2238 428 2287; x_wconf 81' lang='lat' dir='ltr'>essent,</span> <span class='ocrx_word' id='word_1_148' title='bbox 461 2233 727 2275; x_wconf 81' lang='lat' dir='ltr'>invenerint:</span> <span class='ocrx_word' id='word_1_149' title='bbox 760 2235 861 2275; x_wconf 87' lang='lat' dir='ltr'>item</span> <span class='ocrx_word' id='word_1_150' title='bbox 894 2234 990 2275; x_wconf 87' lang='lat' dir='ltr'>inde</span> <span class='ocrx_word' id='word_1_151' title='bbox 1023 2249 1047 2276; x_wconf 83' lang='lat' dir='ltr'>a</span> <span class='ocrx_word' id='word_1_152' title='bbox 1068 2249 1127 2276; x_wconf 84' lang='lat' dir='ltr'>vs.</span> <span class='ocrx_word' id='word_1_153' title='bbox 1154 2236 1262 2275; x_wconf 80' lang='lat'>1090</span> <span class='ocrx_word' id='word_1_154' title='bbox 1286 2248 1416 2289; x_wconf 84' lang='lat' dir='ltr'>usque</span> <span class='ocrx_word' id='word_1_155' title='bbox 1439 2233 1491 2274; x_wconf 87' lang='lat' dir='ltr'>ad</span> <span class='ocrx_word' id='word_1_156' title='bbox 1518 2234 1621 2273; x_wconf 87' lang='lat'>1161</span> <span class='ocrx_word' id='word_1_157' title='bbox 1648 2233 1736 2287; x_wconf 83' lang='lat' dir='ltr'>agit</span> 
     </span>
     <span class='ocr_line' id='line_1_20' title="bbox 112 2310 1735 2369; baseline -0.001 -17"><span class='ocrx_word' id='word_1_158' title='bbox 112 2311 162 2352; x_wconf 91' lang='lat' dir='ltr'>de</span> <span class='ocrx_word' id='word_1_159' title='bbox 207 2311 360 2365; x_wconf 89' lang='lat' dir='ltr'>rebus,</span> <span class='ocrx_word' id='word_1_160' title='bbox 400 2326 506 2368; x_wconf 85' lang='lat' dir='ltr'>quae</span> <span class='ocrx_word' id='word_1_161' title='bbox 538 2312 591 2353; x_wconf 83' lang='lat' dir='ltr'>ad</span> <span class='ocrx_word' id='word_1_162' title='bbox 621 2313 753 2353; x_wconf 84' lang='lat' dir='ltr'>vitam</span> <span class='ocrx_word' id='word_1_163' title='bbox 785 2313 1072 2354; x_wconf 79' lang='lat' dir='ltr'>exornandam</span> <span class='ocrx_word' id='word_1_164' title='bbox 1105 2314 1318 2369; x_wconf 84' lang='lat' dir='ltr'>pertinent</span> <span class='ocrx_word' id='word_1_165' title='bbox 1349 2326 1485 2368; x_wconf 87' lang='lat' dir='ltr'>neque</span> <span class='ocrx_word' id='word_1_166' title='bbox 1518 2311 1600 2352; x_wconf 88' lang='lat' dir='ltr'>hue</span> <span class='ocrx_word' id='word_1_167' title='bbox 1632 2310 1735 2352; x_wconf 88' lang='lat' dir='ltr'>refe-</span> 
     </span>
     <span class='ocr_line' id='line_1_21' title="bbox 110 2389 1735 2447; baseline 0 -17"><span class='ocrx_word' id='word_1_168' title='bbox 110 2389 266 2431; x_wconf 84' lang='lat' dir='ltr'>rendae</span> <span class='ocrx_word' id='word_1_169' title='bbox 314 2394 423 2431; x_wconf 89' lang='lat' dir='ltr'>sunt.</span> <span class='ocrx_word' id='word_1_170' title='bbox 485 2390 667 2432; x_wconf 87' lang='lat' dir='ltr'>Omnino</span> <span class='ocrx_word' id='word_1_171' title='bbox 715 2396 892 2447; x_wconf 87' lang='lat' dir='ltr'>apparet</span> <span class='ocrx_word' id='word_1_172' title='bbox 938 2405 960 2432; x_wconf 87' lang='lat' dir='ltr'>e</span> <span class='ocrx_word' id='word_1_173' title='bbox 1007 2395 1094 2432; x_wconf 85' lang='lat' dir='ltr'>toto</span> <span class='ocrx_word' id='word_1_174' title='bbox 1141 2391 1247 2432; x_wconf 89' lang='lat' dir='ltr'>libro</span> <span class='ocrx_word' id='word_1_175' title='bbox 1279 2395 1447 2446; x_wconf 85' lang='lat' dir='ltr'>poetam</span> <span class='ocrx_word' id='word_1_176' title='bbox 1480 2404 1584 2445; x_wconf 89' lang='lat' dir='ltr'>opus</span> <span class='ocrx_word' id='word_1_177' title='bbox 1615 2403 1735 2430; x_wconf 90' lang='lat' dir='ltr'>suum</span> 
     </span>
     <span class='ocr_line' id='line_1_22' title="bbox 111 2466 1737 2525; baseline 0 -17"><span class='ocrx_word' id='word_1_178' title='bbox 111 2481 196 2508; x_wconf 90' lang='lat' dir='ltr'>non</span> <span class='ocrx_word' id='word_1_179' title='bbox 243 2467 501 2522; x_wconf 80' lang='lat' dir='ltr'>elaborasse,</span> <span class='ocrx_word' id='word_1_180' title='bbox 548 2469 659 2524; x_wconf 90' lang='lat' dir='ltr'>quod</span> <span class='ocrx_word' id='word_1_181' title='bbox 696 2483 750 2510; x_wconf 75' lang='lat' dir='ltr'>ex</span> <span class='ocrx_word' id='word_1_182' title='bbox 786 2469 879 2510; x_wconf 85' lang='lat' dir='ltr'>aliis</span> <span class='ocrx_word' id='word_1_183' title='bbox 911 2483 1075 2525; x_wconf 83' lang='lat' dir='ltr'>quoque</span> <span class='ocrx_word' id='word_1_184' title='bbox 1108 2473 1251 2524; x_wconf 83' lang='lat' dir='ltr'>patore</span> <span class='ocrx_word' id='word_1_185' title='bbox 1282 2469 1365 2510; x_wconf 86' lang='lat' dir='ltr'>iam</span> <span class='ocrx_word' id='word_1_186' title='bbox 1396 2467 1590 2508; x_wconf 76' lang='lat' dir='ltr'>vidimus.</span> <span class='ocrx_word' id='word_1_187' title='bbox 1652 2466 1737 2509; x_wconf 83' lang='lat' dir='ltr'>Cur</span> 
     </span>
     <span class='ocr_line' id='line_1_23' title="bbox 112 2545 1735 2603; baseline 0.001 -17"><span class='ocrx_word' id='word_1_188' title='bbox 112 2545 322 2601; x_wconf 79' lang='lat' dir='ltr'>Epicurus</span> <span class='ocrx_word' id='word_1_189' title='bbox 368 2545 418 2587; x_wconf 88' lang='lat' dir='ltr'>de</span> <span class='ocrx_word' id='word_1_190' title='bbox 462 2547 661 2588; x_wconf 87' lang='lat' dir='ltr'>meteoris</span> <span class='ocrx_word' id='word_1_191' title='bbox 710 2547 952 2602; x_wconf 79' lang='lat' dir='ltr'>scripserit,</span> <span class='ocrx_word' id='word_1_192' title='bbox 999 2547 1088 2603; x_wconf 90' lang='lat' dir='ltr'>ipse</span> <span class='ocrx_word' id='word_1_193' title='bbox 1137 2547 1245 2588; x_wconf 81' lang='lat' dir='ltr'>dixit</span> <span class='ocrx_word' id='word_1_194' title='bbox 1291 2547 1344 2588; x_wconf 95' lang='lat' dir='ltr'>D.</span> <span class='ocrx_word' id='word_1_195' title='bbox 1377 2547 1425 2587; x_wconf 90' lang='lat' dir='ltr'>L.</span> <span class='ocrx_word' id='word_1_196' title='bbox 1458 2546 1513 2587; x_wconf 83' lang='lat' dir='ltr'>X.</span> <span class='ocrx_word' id='word_1_197' title='bbox 1551 2547 1657 2586; x_wconf 81' lang='lat'>142:</span> <span class='ocrx_word' id='word_1_198' title='bbox 1705 2548 1735 2588; x_wconf 86' lang='grc' dir='ltr'>εἶ</span> 
     </span>
     <span class='ocr_line' id='line_1_24' title="bbox 111 2622 1736 2681; baseline -0.001 -15"><span class='ocrx_word' id='word_1_199' title='bbox 111 2622 237 2676; x_wconf 74' lang='grc' dir='ltr'>μηδὲν</span> <span class='ocrx_word' id='word_1_200' title='bbox 283 2626 390 2678; x_wconf 77' lang='grc' dir='ltr'>ἡμᾶς</span> <span class='ocrx_word' id='word_1_201' title='bbox 437 2627 477 2667; x_wconf 81' lang='grc' dir='ltr'>αἱ</span> <span class='ocrx_word' id='word_1_202' title='bbox 522 2628 612 2680; x_wconf 77' lang='grc' dir='ltr'>περὶ</span> <span class='ocrx_word' id='word_1_203' title='bbox 660 2628 744 2667; x_wconf 75' lang='grc' dir='ltr'>τῶν</span> <span class='ocrx_word' id='word_1_204' title='bbox 791 2626 1007 2679; x_wconf 79' lang='grc' dir='ltr'>μετεώρων</span> <span class='ocrx_word' id='word_1_205' title='bbox 1049 2627 1223 2680; x_wconf 74' lang='grc' dir='ltr'>ὑποψίαι</span> <span class='ocrx_word' id='word_1_206' title='bbox 1266 2625 1521 2681; x_wconf 78' lang='grc' dir='ltr'>ἠνώχλουν,</span> <span class='ocrx_word' id='word_1_207' title='bbox 1570 2625 1646 2666; x_wconf 81' lang='grc' dir='ltr'>οὐκ</span> <span class='ocrx_word' id='word_1_208' title='bbox 1685 2623 1736 2666; x_wconf 83' lang='grc' dir='ltr'>ἂν</span> 
     </span>
     <span class='ocr_line' id='line_1_25' title="bbox 113 2701 1735 2759; baseline 0 -15"><span class='ocrx_word' id='word_1_209' title='bbox 113 2701 418 2757; x_wconf 64' lang='grc' dir='ltr'>προςεὸεόμεὲα</span> <span class='ocrx_word' id='word_1_210' title='bbox 452 2703 746 2759; x_wconf 78' lang='grc' dir='ltr'>φυσιολογίας.</span> <span class='ocrx_word' id='word_1_211' title='bbox 809 2704 1033 2745; x_wconf 77' lang='lat' dir='ltr'>Lucretius</span> <span class='ocrx_word' id='word_1_212' title='bbox 1066 2704 1243 2745; x_wconf 85' lang='lat' dir='ltr'>eandem</span> <span class='ocrx_word' id='word_1_213' title='bbox 1275 2704 1326 2744; x_wconf 89' lang='lat' dir='ltr'>ob</span> <span class='ocrx_word' id='word_1_214' title='bbox 1358 2717 1525 2745; x_wconf 79' lang='lat' dir='ltr'>eausam</span> <span class='ocrx_word' id='word_1_215' title='bbox 1557 2717 1600 2744; x_wconf 88' lang='lat' dir='ltr'>se</span> <span class='ocrx_word' id='word_1_216' title='bbox 1631 2702 1735 2743; x_wconf 81' lang='lat' dir='ltr'>haee</span> 
     </span>
     <span class='ocr_line' id='line_1_26' title="bbox 113 2780 1736 2836; baseline 0 -16"><span class='ocrx_word' id='word_1_217' title='bbox 113 2780 328 2835; x_wconf 85' lang='lat' dir='ltr'>scripsisse</span> <span class='ocrx_word' id='word_1_218' title='bbox 359 2781 540 2822; x_wconf 84' lang='lat' dir='ltr'>fatetur:</span> <span class='ocrx_word' id='word_1_219' title='bbox 580 2795 656 2834; x_wconf 88' lang='lat' dir='ltr'>„ne</span> <span class='ocrx_word' id='word_1_220' title='bbox 688 2781 794 2823; x_wconf 88' lang='lat' dir='ltr'>forte</span> <span class='ocrx_word' id='word_1_221' title='bbox 827 2781 931 2823; x_wconf 81' lang='lat' dir='ltr'>haee</span> <span class='ocrx_word' id='word_1_222' title='bbox 964 2782 1074 2822; x_wconf 88' lang='lat' dir='ltr'>inter</span> <span class='ocrx_word' id='word_1_223' title='bbox 1106 2782 1269 2823; x_wconf 82' lang='lat' dir='ltr'>caelum</span> <span class='ocrx_word' id='word_1_224' title='bbox 1300 2786 1538 2836; x_wconf 85' lang='lat' dir='ltr'>terramque</span> <span class='ocrx_word' id='word_1_225' title='bbox 1570 2794 1736 2821; x_wconf 85' lang='lat' dir='ltr'>reamur</span> 
     </span>
     <span class='ocr_line' id='line_1_27' title="bbox 114 2858 1734 2914; baseline -0.001 -16"><span class='ocrx_word' id='word_1_226' title='bbox 114 2858 247 2899; x_wconf 85' lang='lat' dir='ltr'>libera</span> <span class='ocrx_word' id='word_1_227' title='bbox 293 2863 440 2913; x_wconf 89' lang='lat' dir='ltr'>sponte</span> <span class='ocrx_word' id='word_1_228' title='bbox 487 2874 561 2901; x_wconf 87' lang='lat' dir='ltr'>sua</span> <span class='ocrx_word' id='word_1_229' title='bbox 606 2874 751 2900; x_wconf 77' lang='lat' dir='ltr'>cursus</span> <span class='ocrx_word' id='word_1_230' title='bbox 792 2860 970 2901; x_wconf 80' lang='lat' dir='ltr'>lustrare</span> <span class='ocrx_word' id='word_1_231' title='bbox 1003 2860 1224 2914; x_wconf 84' lang='lat' dir='ltr'>perennis,</span> <span class='ocrx_word' id='word_1_232' title='bbox 1271 2860 1480 2913; x_wconf 81' lang='lat' dir='ltr'>morigera</span> <span class='ocrx_word' id='word_1_233' title='bbox 1511 2858 1563 2899; x_wconf 83' lang='lat' dir='ltr'>ad</span> <span class='ocrx_word' id='word_1_234' title='bbox 1594 2858 1734 2913; x_wconf 83' lang='lat' dir='ltr'>fruges</span> 
     </span>
    </p>
   </div>
   <div class='ocr_carea' id='block_1_5' title="bbox 116 2936 1735 2993">
    <p class='ocr_par' dir='ltr' id='par_1_5' title="bbox 116 2936 1735 2993">
     <span class='ocr_line' id='line_1_28' title="bbox 116 2936 1735 2993; baseline 0 -17"><span class='ocrx_word' id='word_1_235' title='bbox 116 2936 329 2989; x_wconf 74' lang='lat' dir='ltr'>augendas</span> <span class='ocrx_word' id='word_1_236' title='bbox 372 2943 498 2991; x_wconf 79' lang='lat' dir='ltr'>atque</span> <span class='ocrx_word' id='word_1_237' title='bbox 541 2938 793 2986; x_wconf 69' lang='lat' dir='ltr'>animantis,</span> <span class='ocrx_word' id='word_1_238' title='bbox 842 2952 949 2978; x_wconf 71' lang='lat' dir='ltr'>new·</span> <span class='ocrx_word' id='word_1_239' title='bbox 982 2939 1120 2993; x_wconf 78' lang='lat' dir='ltr'>aliqua</span> <span class='ocrx_word' id='word_1_240' title='bbox 1155 2938 1292 2978; x_wconf 63' lang='lat' dir='ltr'>dix-0111</span> <span class='ocrx_word' id='word_1_241' title='bbox 1328 2938 1434 2977; x_wconf 67' lang='lat' dir='ltr'>volvi</span> <span class='ocrx_word' id='word_1_242' title='bbox 1470 2937 1628 2977; x_wconf 75' lang='lat' dir='ltr'>rationo</span> <span class='ocrx_word' id='word_1_243' title='bbox 1661 2951 1735 2991; x_wconf 91' lang='lat' dir='ltr'>pu-</span> 
     </span>
    </p>
   </div>
  </div>
 </body>
</html>
