1894 3235
849 178 902 218 35

69 326 162 353 oum
207 311 379 367 Epicuri
419 311 676 365 argumentis
720 311 765 350 in
809 311 862 351 D.
895 311 944 351 L.
976 310 1031 351 X.
1064 312 1114 350 41
1151 313 1192 351 et
1224 311 1277 350 42
1310 310 1512 365 expositis
1542 314 1590 351 ut
1619 324 1679 351 vs.

72 391 347 431 1008-1051
400 388 680 444 respondeant
729 388 842 429 hisce
893 389 1053 429 verbis:
1120 389 1220 441 »εἴτε
1271 387 1352 444 γᾰρ
1403 391 1454 437 ἧν
1485 389 1532 430 τὸ
1564 389 1683 430 κενὸν

69 467 257 521 ἄπειρον,
303 466 352 508 τά
397 465 437 508 δὲ
483 467 648 518 σώματι-ι
696 467 925 519 ὡρισμένα,
970 465 1153 518 οὐδαμοῦ
1186 466 1236 508 ἂν
1268 466 1377 517 ἔμενε
1408 465 1457 507 rax
1489 466 1681 518 σώματα,

67 544 164 587 ἀλλ’
211 546 370 599 ἐφέρετο
408 544 506 585 ficarax
535 545 582 584 τὸ
615 544 783 598 ἄπειρον
815 546 934 585 κενὸν
967 542 1264 600 διεσπαρμένα,
1313 557 1407 584 Cum
1437 543 1534 583 inde
1569 557 1593 583 a
1622 557 1682 583 VS.

70 622 322 661 958—1008
360 620 538 674 (omissis
570 624 711 660 tamen
744 621 993 661 998—1001
1030 634 1077 661 eo
1113 621 1229 673 loco,
1252 635 1333 676 quo
1354 635 1465 662 nuno
1486 620 1685 674 leguntur

68 703 110 739 et
140 713 235 739 oum
265 699 441 739 Munroo
472 702 565 753 post
597 699 678 738 983
711 698 891 752 scriptis)
928 698 1236 739 demonstretur
1266 712 1447 739 vacuum
1480 711 1570 738 esse
1594 697 1686 738 infi-

68 776 232 829 nitum,
276 775 425 816 iisdem
470 775 556 816 fere
602 776 862 829 argumentis
909 780 1034 831 atque
1067 776 1179 830 apud
1210 775 1443 830 Epicurum
1477 774 1588 826 (vide
1620 789 1686 815 su-

69 855 170 908 pra).
230 852 342 893 Illud
386 857 527 893 tamen
573 852 747 907 Epicuri
793 858 1089 907 argumentum
1138 853 1211 894 εἵτε
1258 853 1304 894 τὸ
1353 853 1472 894 κενὸν
1517 854 1566 901 ἧν
1599 852 1687 906 ὡρι-

70 933 242 982 σμένον,
274 932 348 972 οὐκ
379 930 429 972 ἂν
462 931 544 985 εἶχε
575 930 623 972 τιῖ
655 931 795 984 ἄπειρα
821 931 984 982 σώματα
1012 933 1118 972 ὅπου
1142 930 1191 971 ἂν
1214 930 1307 979 ἔστη
1330 929 1450 983 (coni.
1485 928 1688 983 scaligeri

67 1022 140 1063 pro
187 1011 338 1061 ἐνέστη)
378 1023 402 1049 a
447 1008 643 1048 Lucretio
691 1008 1034 1062 praetermissum
1067 1021 1157 1048 esse
1193 1007 1390 1060 videtur,
1442 1006 1540 1062 quia
1569 1006 1688 1062 ponit

68 1085 275 1126 infinitam
316 1099 405 1126 esse
451 1085 698 1137 materiem,
746 1084 855 1140 quod
900 1093 1025 1139 poeta
1057 1084 1245 1125 nondum
1278 1083 1544 1136 ostenderat,
1592 1097 1687 1123 cum

70 1163 251 1218 primum
282 1177 462 1203 vacuum
502 1176 590 1203 esse
624 1162 959 1203 demonstra-sset.
1021 1162 1192 1202 Infinito
1225 1166 1367 1202 tamen
1398 1161 1531 1216 spatio
1562 1161 1688 1201 rebus

71 1254 174 1295 opus
219 1253 309 1280 esse
357 1239 456 1280 dicit
500 1254 559 1280 vs.
607 1241 712 1280 1006
746 1244 788 1280 et
822 1241 842 1279 7
881 1252 1036 1294 „usque
1068 1238 1172 1279 adeo
1204 1238 1360 1293 passim
1391 1242 1509 1293 patet
1538 1238 1688 1291 ingens

72 1318 192 1372 copia
223 1317 379 1372 (spatii)
413 1317 565 1369 rebus,
598 1316 750 1356 finibus
782 1316 1018 1370 exemptis,
1050 1315 1093 1355 in
1125 1321 1297 1356 cunctas
1327 1315 1512 1370 undique
1533 1319 1687 1370 partes.

128 1395 358 1450 Postquam
404 1394 460 1435 sic
508 1394 558 1434 de
591 1399 824 1434 atomorum
855 1398 1028 1445 natura,
1062 1393 1112 1433 de
1143 1393 1321 1434 materia
1352 1397 1395 1434 et
1424 1407 1557 1433 vacuo
1589 1393 1688 1433 satis

72 1473 238 1528 copiose
285 1473 480 1527 exposuit
524 1477 650 1527 poeta
695 1471 868 1527 Epicuri
915 1472 1175 1524 doctrinam,
1222 1476 1269 1512 ut
1298 1471 1376 1513 hac
1412 1485 1566 1526 „parva-
1596 1485 1688 1526 per-

73 1550 221 1591 ductus
253 1549 416 1605 opella'’
449 1550 674 1590 Memmius
705 1550 821 1604 ipse,
858 1549 939 1590 alio
972 1563 1027 1589 ex
1058 1549 1138 1589 alio
1161 1549 1443 1596 clarescente,
1477 1562 1583 1603 quae
1605 1548 1689 1588 iam

72 1628 310 1683 quaerenda
339 1633 498 1668 restent
529 1627 606 1668 sibi
628 1627 839 1682 explicare
862 1627 991 1682 possit
1012 1628 1039 1679 ¹)
1059 1660 1068 1679 ,
1103 1626 1333 1667 doctrinam
1353 1626 1508 1666 refellit
1531 1626 1689 1667 Stoico-

72 1720 187 1759 rum,
233 1706 303 1761 qui
352 1706 491 1746 omnia
531 1705 575 1745 in
605 1705 791 1745 medium
821 1705 898 1744 niti
931 1709 971 1744 et
1001 1703 1109 1744 hano
1142 1703 1192 1744 ob
1223 1717 1313 1744 rem
1345 1703 1549 1744 contineri
1580 1703 1689 1744 dice-

72 1783 185 1823 bant.
246 1782 365 1822 Haec
408 1782 547 1837 opinio
592 1782 703 1822 enim
749 1781 782 1821 si
823 1785 1009 1821 mentem
1055 1780 1239 1832 obsidet,
1271 1794 1355 1820 non
1387 1779 1543 1834 poterit
1574 1784 1687 1819 recte

71 1860 317 1914 intellegere
349 1860 528 1912 amicus,
568 1873 674 1914 qua-e
704 1859 748 1899 in
780 1863 980 1914 sequente
1012 1858 1118 1898 libro
1151 1858 1200 1898 de
1233 1862 1467 1898 atomorum
1497 1862 1614 1898 motu
1647 1861 1689 1897 et

72 1937 218 1978 mundi
264 1936 472 1978 creatione
520 1936 722 1976 dicentur.
784 1936 896 1988 Nos,
929 1940 1070 1976 autem
1103 1949 1197 1975 oum
1229 1935 1281 1976 ad
1313 1935 1504 1990 quintum
1536 1935 1689 1975 librum

74 2015 251 2070 amplius
299 2014 349 2054 de
395 2013 471 2054 hoc
518 2015 632 2069 τόπῳ
677 2013 797 2053 nobis
844 2013 1130 2053 disserendum
1162 2013 1239 2065 sit,
1286 2012 1412 2053 hosce
1443 2026 1588 2053 versus
1619 2012 1688 2052 hio

73 2093 374 2148 praeterimus,
407 2105 521 2132 nexu
553 2105 647 2131 oum
679 2090 961 2145 superioribus
993 2096 1035 2130 et
1066 2089 1336 2145 sequentibus
1367 2089 1562 2130 indicato.

120 2244 140 2281 ¹)
187 2244 215 2275 I.
255 2254 302 2274 vs.
344 2245 423 2273 1114
458 2252 525 2282 sqq.
561 2241 640 2272 Cum
677 2241 728 2272 his
773 2242 966 2272 conferenda
1000 2246 1075 2272 sunt
1106 2240 1209 2281 ipsius
1233 2240 1368 2281 Epicuri
1390 2240 1488 2272 verba
1511 2240 1544 2270 in
1568 2240 1691 2280 primae

74 2305 228 2346 epistolae
250 2305 314 2335 fine
338 2304 378 2335 D.
404 2304 440 2334 L.
467 2302 518 2342 X,
545 2306 583 2334 83
609 2308 644 2334 ut
669 2303 848 2334 similitudo
871 2308 1035 2343 appareat.

1464 3100 1522 3142 3*
