1894 3235
929 108 984 148 82

143 255 363 298 corporum
393 241 736 297 proficiscantur,
768 241 944 283 formam
975 256 1143 284 servare
1175 248 1376 299 possunt,
1407 258 1485 285 nec
1517 245 1764 288 scinduntur

142 325 190 362 ut
229 320 368 362 fumus
409 324 451 362 et
481 334 637 376 vapor,
678 320 749 376 qui
782 333 836 361 ex
867 320 1066 362 interiore
1098 335 1319 377 corporum
1350 327 1469 378 parte
1501 324 1760 379 procedunt,

142 398 216 440 sed
254 412 304 440 eo
344 412 508 454 quoque
539 398 586 439 fit
616 402 663 439 ut
694 398 948 440 exteriorem
980 404 1143 454 partem
1175 414 1396 455 corporum
1428 405 1593 442 tantum
1623 402 1763 444 videa-

140 491 234 518 mus
258 476 298 527 ¹).
358 476 478 518 Haec
514 476 737 518 simulacra
767 490 891 532 porro
923 476 976 518 ad
1005 477 1215 518 infinitum
1247 483 1344 519 sunt
1375 479 1519 521 tenuia
1536 478 1565 530 2)
1586 513 1596 533 ‚
1627 480 1687 524 ita
1717 485 1764 522 ut

142 568 286 596 eorum
333 554 604 595 dissolutione
652 568 826 609 corpora
870 568 955 595 11011
987 554 1284 597 diminuantur.
1347 556 1407 598 Ut
1437 557 1586 612 probet
1616 571 1764 600 revera

140 635 302 673 tantam
346 631 598 672 tenuitatem
630 635 798 672 exstare
829 645 979 686 posse,
1026 636 1151 687 poeta
1181 632 1339 688 profert
1369 634 1634 690 exemplum,
1682 649 1763 690 quo

140 710 418 751 subtilitatem
463 713 698 750 atomorum
735 709 986 764 intellegere
1017 710 1249 764 possimus:
1303 712 1523 764 „animalia
1554 716 1651 753 sunt
1680 712 1765 754 iam

139 787 294 843 partim
340 786 531 840 tantula,
579 800 757 842 quorum
804 786 964 827 extima
1011 786 1148 840 (codd.
1189 789 1327 837 tertia)
1360 803 1456 844 pars
1487 789 1604 831 nulla
1634 789 1765 845 possit

139 864 302 905 ratione
333 863 467 905 videri
502 897 510 904 .
542 863 693 905 horum
724 864 971 904 intestinum
1002 864 1178 920 quodvis
1207 865 1329 920 quale
1353 879 1442 907 esse
1465 866 1763 922 putandumst!

138 941 239 998 quid
269 942 403 983 cordis
434 941 585 997 globus
615 947 688 984 aut
720 942 864 983 oculi?
911 942 1011 998 quid
1042 943 1268 984 membra?
1315 943 1412 999 quid
1446 945 1598 985 artus?
1636 959 1764 1001 quan-

138 1021 228 1062 tula
257 1021 381 1061 sunt!
419 1019 520 1076 quid
550 1024 771 1076 praeterea
801 1021 1031 1076 primordia
1061 1036 1280 1077 quaeque,
1325 1022 1437 1064 unde
1469 1023 1608 1066 anima
1638 1028 1765 1080 atque

138 1098 266 1140 animi
303 1103 465 1140 constet
497 1105 648 1140 natura
679 1104 965 1140 necessumst?
1007 1113 1145 1141 nonne
1177 1100 1294 1141 vides
1326 1115 1451 1156 quam
1483 1101 1566 1142 sint
1597 1102 1767 1144 subtilia

137 1190 346 1232 quamque
377 1176 568 1217 minuta’'
587 1177 605 1217 Ρ
625 1177 668 1226 ³).
702 1176 808 1218 Cum
841 1191 941 1232 ergo
973 1182 1059 1218 tam
1092 1185 1239 1219 tenues
1271 1178 1353 1219 sint
1384 1179 1539 1232 atomi⁷
1572 1180 1763 1236 sequitur

135 1268 276 1296 rerum
308 1255 551 1308 simulacra,
584 1268 692 1310 quae
725 1255 1045 1297 crassitudinem
1082 1270 1166 1297 non
1197 1256 1382 1297 habeant
1414 1257 1492 1298 nisi
1526 1257 1652 1299 unius
1675 1262 1762 1300 ato—

136 1333 222 1386 mi,
253 1339 344 1382 ταῖς
375 1333 626 1382 λεπτότησιν
658 1332 998 1389 ἀνυπερβλήτοις
1031 1335 1321 1391 κεχρῆσθαι4).

195 1411 317 1452 Haec
364 1412 573 1453 conclusio
618 1416 760 1453 tamen
805 1412 848 1452 in
895 1412 1106 1454 codicibus
1146 1414 1298 1454 nostris
1336 1428 1419 1455 non
1460 1414 1642 1469 legitur,
1689 1414 1761 1471 qui

135 1489 279 1544 procul
321 1489 446 1530 dubio
493 1503 647 1544 magna
692 1489 841 1530 lacuna
872 1490 1092 1542 laborant,
1141 1504 1235 1531 cum
1267 1504 1326 1531 vs.
1365 1493 1441 1532 127
1475 1505 1644 1532 versum
1680 1493 1759 1533 126

136 1567 333 1622 excipere
357 1581 440 1607 non
459 1567 602 1622 possit.
636 1566 809 1608 Lachm.
828 1572 950 1622 putat
970 1568 1142 1623 periisse
1161 1582 1306 1610 versus
1333 1569 1609 1611 Lucretianos
1631 1569 1762 1611 XXV

135 1649 176 1685 et
223 1645 371 1700 capitis
417 1645 618 1699 titulum3
666 1659 736 1686 eos
782 1651 923 1686 autem
970 1647 1254 1699 continuisse,
1302 1657 1468 1702 praeter
1501 1648 1760 1703 superiorem

134 1723 250 1763 illam
297 1723 633 1776 conclusionem,
681 1724 934 1773 sententiam
979 1723 1246 1765 huiusmodi:
1299 1739 1414 1776 „esse
1462 1726 1563 1766 item
1601 1726 1761 1768 maiora

135 1801 382 1853 simulacra,
429 1801 588 1842 scilicet
629 1815 651 1841 e
697 1801 840 1842 multis
883 1806 1008 1857 atque
1052 1802 1282 1843 innumeris
1313 1807 1422 1844 inter
1453 1817 1496 1845 se
1529 1803 1760 1845 coniunctis

135 1878 312 1932 effecta,
359 1888 406 1919 ut
447 1879 654 1933 fulgorem
686 1879 795 1933 ignis
827 1879 1033 1933 aetherii,
1081 1895 1162 1935 quo
1195 1880 1304 1921 inter
1336 1881 1567 1922 tonitruum
1600 1882 1760 1923 sonitus

134 1955 273 1996 onmia
321 1960 578 2010 occupentur
622 1965 663 1996 et
696 1956 1016 2009 contineantur,
1060 1958 1133 2011 qni
1163 1958 1340 2010 fulmine
1372 1959 1485 1999 clm-0
1518 1959 1654 1999 omnia
1680 1973 1760 2013 per

134 2034 293 2074 sonitus
340 2038 478 2086 (treet,
532 2038 714 2086 terram,
769 2048 909 2086 mare,
963 2035 1158 2075 coelum''.
1228 2036 1344 2076 Haec
1388 2042 1599 2091 postrema
1630 2036 1759 2078 verba

134 2111 273 2166 potius
341 2111 469 2152 Ennii
527 2125 617 2152 esse
664 2112 860 2153 videntur
906 2127 1030 2168 quam
1081 2113 1253 2168 Epicuri
1276 2118 1319 2163 ⁵).
1403 2114 1602 2155 Ceterum
1652 2128 1759 2170 quae

131 2344 305 2376 intervalla
327 2345 362 2376 vi
383 2346 628 2387 percipiuntur,
653 2357 717 2389 qua
740 2347 916 2389 imagines,
935 2358 1041 2379 aerem
1056 2347 1272 2388 propellentes
1285 2373 1292 2386 ‚
1317 2348 1352 2379 in
1368 2359 1480 2380 sensus
1497 2353 1622 2381 nostros
1651 2350 1757 2381 incur-

132 2412 217 2438 runt.
264 2408 443 2450 Nunquam
476 2419 526 2441 res
556 2409 642 2450 ipsas
678 2410 846 2449 videmus,
883 2421 994 2442 earum
1032 2410 1192 2452 imagines
1231 2414 1358 2442 tantum
1375 2435 1383 2450 ,
1420 2421 1502 2453 quae
1525 2421 1545 2442 a
1566 2411 1660 2444 nobis
1683 2422 1757 2444 cum

133 2470 213 2511 ipsis
235 2471 331 2503 rebus
354 2472 615 2504 confunduntur.

179 2533 202 2574 ¹)
249 2533 306 2564 IV.
332 2535 371 2564 88
395 2544 480 2575 seqq.
507 2534 547 2566 D.
572 2534 612 2565 L.
637 2535 680 2566 X.
706 2537 758 2566 49.

176 2595 202 2637 ²)
249 2596 290 2627 D.
322 2596 358 2628 L.
383 2596 424 2628 X.
449 2599 510 2628 46:
544 2601 752 2637 λεπτότησιν
779 2597 965 2640 ἀπέχοντες
994 2598 1127 2640 μακράν
1159 2603 1226 2631 τῶν
1254 2601 1470 2641 φαινομένων.
1496 2601 1553 2633 47:
1590 2599 1757 2643 χρήσιμον

135 2658 175 2698 δὴ
204 2661 258 2690 καὶ
288 2661 386 2692 τοῦτο
411 2665 595 2703 κατασχεῖν
617 2665 655 2695 τὸ
679 2665 863 2704 στοιχεῖον,
895 2663 969 2701 ἦτοι
992 2664 1044 2695 ὅτι
1068 2665 1110 2695 τὰ
1135 2663 1252 2695 εἴδωλα
1277 2666 1353 2702 ταῖς
1377 2665 1585 2703 λεπτότησιν
1607 2663 1755 2706 α’νυπερ-

133 2721 279 2762 βλήτοις
301 2722 473 2764 κέχρηται.

177 2785 203 2827 ³)
251 2785 309 2817 IV.
337 2787 405 2817 116.

177 2848 202 2890 ⁴)
251 2848 291 2880 D.
316 2849 354 2880 L.
378 2849 419 2880 X.
445 2851 496 2882 48.
542 2849 705 2890 Epicurus
727 2849 807 2882 dicit
829 2849 864 2882 in
880 2849 1061 2883 simulacris
1077 2853 1122 2893 μὴ
1138 2852 1206 2885 δεῖν
1222 2851 1310 2885 κατά
1326 2852 1439 2894 βάθος
1455 2856 1493 2886 τὸ
1512 2853 1750 2896 συμπλήρωμα

136 2909 304 2953 γίνεσθαι,
327 2922 404 2953 ergo
425 2913 523 2945 unius
545 2913 646 2945 atomi
668 2913 790 2946 habent
813 2913 1069 2946 crassitudinem.

177 2974 204 3016 ⁵)
252 2974 302 3006 Cf.
326 2975 460 3006 Lachm.
485 2980 517 3008 et
542 2976 650 3008 Mum.
