1894 3235
893 140 943 179 75

105 273 274 327 poribus
318 273 609 325 insinuantur,
656 273 728 313 sed
774 287 868 313 cum
915 286 1085 328 corpore
1130 274 1358 313 nascuntur
1403 274 1444 310 et
1490 269 1716 309 intereunt.

106 350 236 391 Suum
281 354 441 390 certum
486 363 675 405 quaeque
706 363 848 390 semen
878 349 1005 390 habet
1036 349 1193 401 anima,
1224 347 1335 389 unde
1366 347 1550 388 nascitur
1582 347 1714 398 (746).

66 468 69 470 .
105 427 218 481 Ergo
254 441 350 479 „cur
380 427 494 467 milia
521 427 653 467 multa
690 427 921 467 animarum
952 426 1202 467 conveniant
1232 424 1342 465 unde
1364 438 1449 465 una
1469 422 1717 464 recesserit'’

106 506 216 558 (724)
247 519 328 545 non
361 505 527 545 difficile
560 510 622 545 est
654 505 881 560 explicatu.
944 505 1103 545 Eodem
1135 504 1270 556 modo,
1303 516 1383 559 quo
1415 516 1470 543 ex
1500 515 1583 542 uno
1616 500 1716 541 duo-

105 583 234 623 busve
277 583 516 637 corporibus
556 583 687 623 multa
718 588 946 624 nascuntur
979 597 1174 638 corpora,
1208 596 1303 622 cum
1332 581 1466 621 multa
1495 579 1624 620 insint
1656 592 1718 619 se-

103 661 241 714 mina,
285 661 441 701 multae
473 661 635 701 animae
667 675 830 716 quoque
861 666 1088 701 nascuntur
1118 660 1229 700 unde
1260 674 1344 700 una
1374 658 1572 709 recessit,
1623 670 1718 697 cum

103 738 236 778 multa
280 738 410 778 insint
440 738 599 779 semina
630 739 862 779 animarum
893 739 936 778 in
967 753 1049 779 uno
1082 738 1264 778 animali.
1327 737 1394 777 Ex
1426 735 1595 777 Stobaei
1627 734 1717 775 Ecl.

104 829 144 870 p.
180 817 260 857 900
291 815 435 856 videre
467 816 565 857 licet
595 816 702 857 lianc
736 816 965 857 doctrinam
996 830 1089 856 cum
1122 815 1294 870 Epicuri
1325 815 1392 855 vel
1423 813 1719 868 discipulorum

793 893 823 908 ‘N'

103 893 268 948 placitis
327 907 583 947 congruere:
674 897 724 935 Οἱ
790 903 810 936 ὸ
860 896 902 936 ἐν
963 895 1146 948 ἀπείροις
1209 894 1378 944 κόσμοις
1396 917 1412 944 ,v
1468 892 1602 945 ὥσπερ
1666 887 1714 938 ἓὴ

105 974 143 1013 οἷ
181 975 270 1026 περὶ
319 973 578 1026 Δημόκριτον
624 976 686 1013 καὶ
732 972 1009 1023 Ἐπίκουρον,
1057 972 1140 1013 ἀπὸ
1186 974 1269 1012 τῶν
1322 969 1502 1024 ἀπείρων
1552 969 1719 1019 ἀτόμων

104 1049 202 1090 κατὰ
249 1051 476 1103 συντυχίαν
523 1051 838 1103 συνερχομένων
879 1050 1154 1089 συνίστασὲται
1189 1047 1264 1094 τὰς
1295 1046 1438 1101 ψυχὰς
1472 1046 1718 1100 ἡγούμενοι,

105 1126 300 1180 ἀπείρους
341 1127 469 1174 αὐτὰς
500 1127 599 1168 εἶναι
630 1128 837 1178 ἑπομένως
868 1133 957 1177 ταῖς
990 1128 1153 1173 οἰκείαις
1184 1126 1432 1166 ὑποὲέσεσιν
1462 1123 1719 1176 ἀποφαῖνον·

104 1222 180 1244 ται.
240 1207 317 1244 Καὶ
350 1205 388 1244 οἱ
418 1207 490 1253 μὲν
522 1205 561 1244 ἐκ
593 1205 836 1258 σπερμάτων
869 1204 997 1250 αὐτὰς
1027 1205 1256 1257 γεννῶντες
1289 1202 1459 1241 ἑκάστου
1492 1196 1718 1250 δυναμένου

103 1280 247 1323 πολλὰ
289 1285 487 1335 σπείρειν,
529 1285 591 1323 καὶ
633 1280 750 1322 τοῦδε
790 1282 1016 1334 προϊόντος
1055 1281 1111 1322 ἀεὶ
1155 1283 1216 1321 καὶ
1266 1277 1422 1331 οὐδαμῆ
1470 1278 1717 1328 ἱσταμένου,

105 1361 202 1400 κατὰ
235 1360 310 1407 τὴν
342 1361 502 1414 γένεσιν
535 1363 598 1400 καὶ
631 1361 672 1401 ἐν
703 1363 763 1413 τῷ
790 1361 1009 1414 ’γίγνεσθαι
1042 1359 1100 1400 ἀεὶ
1128 1358 1174 1398 τὸ
1203 1356 1372 1411 ἄπειρον
1404 1354 1718 1397 ἀπολείπουσιν.

107 1438 157 1477 Οἱ
203 1434 243 1478 δὲ
290 1437 388 1477 κατὰ
433 1435 676 1491 μεταβολὴν
723 1434 765 1483 ἐξ
796 1437 888 1483 ἑνὸς
920 1435 1030 1490 ζῴον
1063 1436 1331 1489 φθειρομένου
1363 1435 1425 1474 καὶ
1457 1430 1601 1472 πολλὰ
1633 1429 1719 1484 ζῷα

106 1516 167 1554 καὶ
218 1513 387 1561 πολλὰς
433 1513 545 1563 ζωὰς
586 1513 848 1569 παράγοντες
894 1515 935 1555 ἐν
976 1516 1032 1567 τιρ
1076 1510 1357 1566 μεταβάλλειν
1390 1512 1605 1564 συνεχῶς,
1655 1509 1718 1548 καὶ

104 1589 302 1643 μηδέποτε
333 1590 552 1632 ἐπιλείπειν
583 1593 658 1639 τὴν
690 1592 729 1632 ἐκ
760 1597 831 1641 τῆς
861 1588 1100 1645 μεταβολῆς
1134 1587 1426 1644 ὃιαδεχομένην
1467 1587 1719 1640 ἀειγενεσίαν

105 1671 232 1725 ταύτῃ
277 1669 323 1710 τὸ
371 1671 602 1724 ἀπέραντον
647 1668 815 1716 πλῆξός
860 1672 943 1709 τῶν
990 1670 1140 1723 ψυχῶν
1182 1669 1431 1708 ἐπινοοῦσιν.
1491 1664 1719 1704 Praeterea

106 1745 301 1800 quoniam
332 1745 524 1801 quodque
556 1746 799 1786 animalium
820 1759 952 1799 genus
974 1758 1095 1785 suum
1115 1743 1243 1784 habet
1263 1742 1498 1796 ingenium,
1526 1740 1719 1792 „leonum

106 1836 239 1877 genus
284 1837 421 1864 acrem
468 1823 733 1876 violentiam,
778 1823 923 1878 volpes
964 1823 1127 1874 dolum,
1175 1821 1286 1862 cervi
1317 1820 1502 1874 fugam'',
1535 1818 1718 1860 dubitari

106 1915 190 1941 non
219 1905 357 1956 potest
387 1901 487 1957 quin
514 1915 587 1941 suo
622 1900 805 1953 „semine
836 1900 1094 1956 seminioque
1125 1900 1188 1940 vis
1219 1899 1347 1940 animi
1377 1897 1535 1953 pariter
1561 1900 1720 1938 crescat

106 1993 202 2020 cum
248 1993 419 2034 corpore
465 1982 578 2020 toto'’
605 1981 649 2029 ¹).
719 1979 764 2020 Si
815 1982 957 2019 autem
1005 1978 1072 2031 „in
1117 1982 1262 2018 tenero
1293 1990 1464 2031 corpore
1495 1975 1720 2016 tenerascit

105 2058 264 2110 mens⁷',
298 2057 389 2112 quis
421 2062 483 2097 est
514 2057 585 2112 qui
616 2057 776 2097 animos
805 2056 1002 2097 mortales
1035 2069 1123 2096 esse
1154 2069 1309 2110 negare
1339 2054 1500 2109 possit?

162 2135 356 2190 Denique
386 2140 433 2175 ut
464 2135 603 2175 omnia
632 2135 778 2189 paucis
809 2134 1158 2189 comprehendat,
1192 2133 1448 2174 demonstrat
1478 2130 1720 2172 immortali-

106 2216 236 2253 tatem
281 2213 409 2253 animi
453 2227 622 2268 prorsus
667 2226 902 2268 repugnare
942 2212 1123 2264 rationi,
1171 2225 1296 2267 quam
1333 2224 1408 2266 per
1438 2214 1569 2250 totam
1599 2213 1721 2250 natu-

106 2304 195 2330 ram
236 2290 426 2331 videmus
467 2290 710 2331 adhibitam.
776 2291 851 2343 „In
893 2289 1063 2330 aethere
1109 2303 1192 2330 non
1224 2289 1372 2342 arbor,
1420 2301 1503 2328 non
1541 2299 1721 2342 aequore

107 2368 212 2409 salso
257 2369 389 2409 nubes
435 2382 524 2409 esse
556 2373 741 2424 queunt,
788 2382 864 2408 nec
895 2368 1029 2423 pisces
1060 2367 1203 2408 vivere
1234 2367 1278 2407 in
1309 2366 1446 2419 arvis,
1492 2379 1570 2406 nec
1601 2378 1723 2405 cruor

105 2446 150 2486 in
179 2445 304 2499 lignis
334 2459 471 2501 neque
503 2446 616 2487 saxis
647 2460 769 2487 sucus
788 2446 965 2486 inesse’⁷.
1003 2445 1201 2497 „Certum
1222 2458 1270 2485 ac
1293 2444 1540 2499 dispositum
1563 2447 1626 2483 est
1648 2441 1721 2482 ubi

107 2522 304 2577 quicquid
352 2526 510 2563 crescat
557 2527 599 2563 et
643 2523 785 2563 insit’'.
847 2522 928 2570 Qui
974 2527 1115 2562 autem
1157 2535 1251 2562 cum
1281 2520 1358 2561 hoc
1390 2520 1518 2560 totius
1547 2523 1722 2559 naturae

108 2599 253 2640 ordine
285 2600 523 2640 concineret
555 2601 740 2641 animum
773 2600 900 2641 etiam
932 2609 1052 2641 extra
1083 2614 1231 2655 corpus
1261 2599 1404 2639 vivere
1435 2611 1554 2653 posse
1586 2601 1628 2637 et
1659 2610 1722 2637 so-

108 2677 194 2717 lum
225 2692 247 2717 a
284 2683 480 2729 „naturae
511 2678 776 2718 foederibus⁷’
812 2678 991 2719 liberum
1024 2678 1210 2730 esse?²).
1259 2676 1342 2718 Sed
1371 2676 1524 2716 rationi
1554 2680 1721 2716 nostrae

108 2754 187 2809 ipsi
232 2759 466 2809 repugnat,
514 2768 562 2795 eo
605 2754 754 2807 modo,
797 2760 844 2795 ut
874 2754 1102 2795 adversarii
1141 2758 1313 2809 putant,
1346 2752 1597 2793 immortalia
1627 2765 1722 2792 cum

153 2947 178 2983 ¹)
224 2947 279 2978 Vs.
306 2949 482 2980 741—775.

151 3008 180 3045 ²)
224 3009 278 3040 Vs.
305 3011 396 3043 782-
411 3012 460 3042 97,
508 3011 629 3042 Eodem
651 3012 745 3042 modo
766 3011 976 3043 ratiocinatus
1000 3016 1047 3042 est
1073 3022 1116 3042 vs.
1143 3013 1203 3041 546
1226 3021 1312 3052 seqq.
1337 3011 1398 3041 613
1422 3019 1508 3052 seqq.
