1894 3235
936 113 1014 152 144

155 251 292 288 tarum
325 247 639 289 Sententiarum
670 247 871 288 XXXIII
902 251 944 288 et
975 247 1197 288 XXXIV:
1246 249 1293 289 τὸ
1324 255 1396 300 τῆς
1429 251 1592 304 φύσεως
1616 248 1773 293 δίκαιόν

155 327 237 367 ἐστι
279 324 506 381 σύμβολον
550 329 623 367 τοῦ
672 327 957 380 συμφέροντος
1000 328 1056 385 εἷς
1103 327 1150 367 τὸ
1195 329 1249 378 μὴ
1297 324 1506 379 βλάπτειν
1553 327 1774 377 ἀλλήλους

155 401 252 455 μηδὲ
283 401 565 458 βλάπτεσθαι.
617 401 726 443 “Ocra
757 406 841 443 τῶν
873 401 991 458 ζῴων
1022 404 1076 454 μὴ
1110 401 1289 451 ἠδύνατο
1322 405 1535 453 συνθήκας
1567 407 1775 446 ποιεῖσθαι

157 482 232 530 τὰς
279 483 377 536 ὑπὲρ
410 485 482 522 τοῦ
513 482 566 532 μὴ
598 479 806 535 βλάπτειν
839 480 1008 530 ἄλληλα
1039 479 1135 533 μηδὲ
1166 480 1464 536 βλάπτεσθαι,
1511 482 1619 537 πρὸς
1649 486 1775 525 ταῦτα

159 559 283 601 οὐθέν
325 561 433 601 ἐστιν
475 557 568 600 οὐδὲ
607 556 763 600 δίκαιον
796 556 883 600 οὐδ’
914 556 1082 609 ἄδικον,
1131 559 1328 610 ὡσαὺτιις
1360 558 1399 601 δὲ
1433 563 1495 601 καὶ
1527 563 1610 601 τῶν
1641 562 1775 602 ἐθνῶν

157 638 235 678 ὅσα
280 638 334 688 μὴ
377 634 556 685 ἠδύνατο
598 636 621 684 ἢ
652 637 706 686 μὴ
739 634 942 691 ἐβούλετο
974 637 1050 684 τὰς
1082 639 1294 686 συνθήκας
1328 640 1533 679 ποιεῖσθαι
1564 638 1640 686 τὰς
1673 639 1770 693 ὑπὲρ

155 718 229 755 τοῦ
259 715 314 766 μὴ
345 711 554 768 βλάπτειν
584 711 682 766 μηδὲ
713 711 981 768 βλάπτεσθαι
1006 713 1052 766 ¹).

214 790 317 831 Tres
364 794 461 830 sunt
505 790 585 831 loci
632 790 675 830 in
721 790 798 831 hac
846 791 1041 831 carminis
1083 795 1230 846 parte,
1277 806 1380 847 quos
1423 792 1593 833 uberius
1624 796 1776 834 tractat

156 872 306 923 poeta:
356 867 405 908 de
438 867 640 908 sermonis
671 867 861 921 origine,
905 872 995 908 tum
1030 868 1142 909 unde
1175 869 1284 922 ignis
1315 883 1415 909 usus
1447 874 1561 910 ortus
1593 869 1672 920 sit,
1707 869 1776 910 de-

156 946 282 1001 nique
326 945 376 986 de
420 945 593 986 deorum
625 946 761 986 cultus
794 946 967 1000 origine.
1028 946 1123 987 Hae
1155 951 1295 1002 partos
1326 947 1639 1002 interrumpunt
1670 947 1776 988 ordie

157 1037 278 1076 nem,
325 1037 449 1078 quem
496 1037 621 1078 supra
669 1023 800 1064 secuti
844 1037 986 1064 sumus
1019 1028 1060 1064 et
1091 1038 1166 1079 pro
1197 1024 1357 1065 ratione
1390 1028 1624 1065 ceterorum
1655 1038 1776 1079 argu-

156 1106 393 1143 mentorum
440 1101 564 1141 nimis
610 1105 707 1141 sunt
749 1102 912 1156 longae.
975 1102 1058 1142 Hic
1100 1116 1243 1142 rursus
1290 1102 1470 1156 vestigia
1511 1102 1774 1155 invenimus,

157 1193 264 1235 quae
312 1179 488 1220 doceant
534 1179 719 1220 carmina
765 1194 848 1220 non
893 1180 1079 1234 perfecta
1120 1183 1161 1220 01
1209 1179 1421 1221 elaborata
1462 1194 1551 1221 esse
1583 1195 1607 1221 a
1637 1184 1774 1236 poeta.

157 1258 312 1299 Procul
355 1257 480 1298 dubio
523 1258 668 1312 gravia
708 1257 811 1298 haec
854 1262 1104 1312 argumenta
1140 1262 1289 1313 poetae
1320 1258 1409 1299 visa
1440 1263 1563 1306 sunt,
1596 1263 1638 1300 et
1668 1258 1776 1301 hanc

157 1335 209 1377 ob
241 1349 330 1376 rem
363 1335 518 1390 digna,
553 1349 658 1391 quae
691 1336 898 1390 copiosius
930 1340 1255 1390 exponerentur.
1309 1336 1430 1384 Quod
1461 1350 1555 1377 cum
1587 1336 1774 1391 fecisset,

156 1417 322 1469 tempus
370 1413 408 1454 ei
451 1413 632 1454 defuisse
663 1413 831 1454 videtur
863 1418 909 1453 ut
940 1413 983 1453 in
1015 1427 1172 1454 nexum
1205 1418 1438 1454 ceterorum
1471 1428 1520 1455 ea
1550 1415 1775 1456 intexeret.

213 1492 409 1532 Fortasse
457 1492 585 1532 etiam
625 1496 752 1546 poeta
797 1491 840 1532 in
887 1491 1026 1532 animo
1069 1491 1217 1532 habuit
1265 1496 1399 1532 totum
1442 1507 1545 1548 opus
1576 1493 1775 1547 reficere,

157 1569 275 1610 cuius
318 1568 490 1610 alterius
532 1568 727 1609 editionis
770 1568 850 1609 hae
883 1572 1025 1624 partes
1057 1573 1141 1609 tres
1174 1569 1256 1609 sint
1289 1569 1551 1623 fragmenta,
1586 1569 1696 1626 quod
1727 1584 1776 1612 eo

155 1647 289 1702 magis
356 1647 445 1688 veri
498 1647 632 1688 simile
685 1652 747 1687 est
803 1646 913 1702 quod
969 1647 1174 1702 quaedam
1220 1647 1316 1689 illae
1367 1648 1609 1701 continent,
1669 1662 1776 1704 quae

155 1725 254 1766 alibi
301 1739 466 1781 quoque
507 1729 806 1766 momorantur.
869 1726 919 1766 In
960 1725 1134 1766 Diodori
1179 1725 1457 1781 descriptione
1491 1726 1541 1767 de
1573 1727 1776 1768 sermonis

155 1804 317 1858 origine
373 1807 467 1859 post
528 1803 665 1845 locum
727 1818 853 1859 supra
901 1803 1114 1844 laudatam
1161 1804 1328 1858 agitur,
1391 1809 1616 1860 antequam
1667 1805 1776 1860 ignis

155 1886 198 1923 et
238 1882 420 1923 vestium
473 1896 572 1923 usus
619 1882 866 1937 explicatur.
927 1881 1056 1936 Apud
1097 1882 1343 1923 Lucretium
1393 1884 1501 1923 1028
1534 1897 1670 1939 seqq,
1703 1883 1775 1924 ubi

156 1959 206 2001 de
239 1960 408 2014 linguae
441 1959 601 2014 origine
633 1960 800 2014 agitur,
834 1974 907 2000 suo
929 1960 1019 2000 loco
1041 1974 1124 2000 non
1146 1960 1321 2015 scriptos
1344 1974 1433 2001 esse
1456 1965 1630 2016 apparet
1649 1993 1658 2014 ,
1681 1975 1776 2002 cum

155 2051 216 2078 vs.
263 2038 369 2078 1022
418 2036 468 2077 de
515 2051 706 2078 sermone
753 2037 933 2093 quodam
980 2037 1063 2078 iam
1105 2038 1298 2094 loquatur
1330 2043 1371 2079 01
1402 2039 1648 2094 praesertim
1680 2053 1775 2081 cum

155 2129 214 2156 vs.
268 2116 376 2156 1012
434 2115 518 2155 iam
573 2115 887 2156 matrimonium
946 2121 1200 2157 memoretur
1247 2121 1288 2157 et
1331 2131 1389 2157 vs.
1437 2119 1543 2159 1019
1590 2118 1775 2159 amicitia

156 2192 343 2248 coepisse
374 2192 493 2247 iungi
526 2192 700 2233 dicatur.
762 2193 965 2249 Reliquas
996 2193 1098 2234 duas
1129 2197 1269 2249 partes
1300 2208 1395 2235 cum
1426 2199 1513 2235 toto
1546 2209 1670 2250 opere
1691 2209 1775 2237 non

156 2275 253 2325 apte
299 2284 390 2311 esse
437 2270 681 2311 coniunctas
722 2276 898 2325 apparet
944 2285 1038 2311 cum
1081 2285 1139 2312 vs.
1180 2273 1280 2312 1091
1321 2272 1449 2324 „illud
1481 2272 1523 2313 in
1554 2272 1618 2314 his
1650 2273 1774 2314 rebus

156 2349 308 2390 tacitus
354 2362 407 2389 110
449 2348 555 2389 forte
601 2348 817 2403 requiras'’
860 2348 1026 2390 hiatum
1068 2350 1186 2405 quasi
1233 2350 1384 2391 sarcire
1431 2350 1581 2392 debeat
1628 2354 1670 2392 et
1712 2365 1773 2392 vs.

160 2427 264 2466 1161
301 2439 440 2482 seqq.,
472 2426 544 2467 ubi
577 2426 628 2467 de
661 2426 833 2468 deorum
865 2427 1001 2467 cultus
1025 2427 1185 2481 origine
1207 2428 1373 2481 agitur,
1406 2442 1500 2469 011111
1522 2428 1774 2484 praeceden-

157 2503 296 2557 tibus,
328 2504 399 2560 qui
430 2517 627 2559 magnam
659 2504 975 2545 conversionem
1006 2505 1050 2545 in
1080 2505 1309 2560 primorum
1341 2505 1557 2547 hominum
1580 2507 1773 2548 convictu

157 2588 328 2625 narrant
359 2583 541 2637 factam,
574 2584 737 2625 nullum
767 2584 950 2626 habeant
981 2586 1148 2626 omnino
1182 2586 1408 2627 vinculum.

213 2661 405 2716 Linguae
437 2662 642 2716 originem
674 2666 798 2717 poeta
829 2663 886 2704 sic
908 2666 1060 2704 narrat.
1123 2663 1184 2704 Ut
1205 2678 1349 2705 omnes
1371 2667 1530 2705 ceteras
1552 2668 1661 2706 artes
1682 2697 1691 2718 ,
1716 2665 1772 2706 sic

157 2753 322 2794 quoque
359 2739 519 2791 „varios
550 2739 719 2794 linguae
753 2740 912 2780 sonitus
943 2744 1093 2781 natura
1124 2740 1290 2795 subegit
1321 2741 1510 2795 mittere,
1551 2745 1592 2782 et
1615 2741 1774 2783 utilitas

157 2815 366 2871 expressit
397 2816 568 2858 nomina
598 2831 738 2858 rerum
757 2849 767 2870 ,
799 2831 883 2857 non
915 2817 997 2858 alia
1017 2817 1142 2871 longe
1165 2818 1326 2859 ratione
1348 2822 1473 2874 atque
1495 2818 1585 2873 ipsa
1605 2818 1773 2860 videtur

202 2988 225 3029 ¹)
274 2988 314 3019 D.
340 2989 376 3020 L.
401 2989 455 3027 Χ,
482 2991 551 3020 150.
