1894 3235
891 171 941 211 19

109 300 262 340 omittit
316 314 443 353 vero,
501 301 610 356 quod
656 302 698 341 in
750 302 930 343 laudatis
980 303 1152 359 Epicuri
1202 304 1339 345 verbis
1389 305 1589 360 legimus:
1640 308 1720 349 nisi

107 391 285 418 vacuum
317 378 389 430 sit,
422 392 594 433 corpora
624 393 706 419 non
739 379 895 420 habere
928 381 996 420 uhi
1025 382 1133 434 sint,
1176 381 1286 436 quod
1317 385 1459 423 tamen
1490 398 1549 424 vs.
1572 386 1650 425 421
1678 389 1720 425 et

108 456 188 494 427
235 455 279 495 in
327 455 591 496 conclusione
639 456 903 509 invenimus,
950 463 1090 500 cetera
1134 460 1346 514 pertinent
1381 460 1434 501 ad
1466 475 1644 503 vacuum
1676 463 1720 503 in

108 532 347 586 corporibus
390 533 458 573 vel
504 533 680 587 genitiS,
728 539 775 575 ut
819 540 1022 577 vocantur
1067 551 1127 577 vs.
1175 539 1281 590 511,
1322 538 1447 579 rebus
1472 541 1499 592 ¹)
1542 544 1584 580 et
1614 540 1720 581 nihil

108 623 327 650 commune
370 609 527 651 habent
568 625 662 651 cum
709 612 780 652 illo
813 613 958 667 primo.
1022 614 1073 654 In
1105 615 1375 670 sequentibus
1406 630 1466 656 vs.
1500 618 1611 670 421,
1645 620 1720 672 27,

106 687 187 739 82,
221 689 302 728 505
336 692 434 728 cett.
468 693 673 743 perpetuo
707 689 757 730 de
780 704 911 731 vacuo
934 691 1123 732 absoluto
1144 693 1328 747 loquitur
1348 698 1484 748 poeta.
1519 694 1720 749 Singula,

107 777 213 818 quae
246 765 468 805 Lucretius
500 770 749 820 argumenta
779 767 900 807 affert
932 772 972 807 et
1004 768 1314 823 phaenomena,
1347 771 1497 826 quibus
1514 771 1720 826 nituntur,

107 841 280 882 fortasse
313 856 366 883 ex
398 842 580 897 Epicuro
614 848 710 884 sunt
741 849 890 885 sumta.

163 920 352 960 Primum
409 921 519 961 enim
570 921 742 976 Epicuri
794 936 911 974 esse,
968 926 1142 977 apparet
1193 937 1246 963 ex
1301 924 1539 967 Aristotelis
1592 926 1721 982 Phys.

106 997 183 1037 IV.
217 999 268 1050 6,
314 997 385 1037 ubi
417 997 520 1039 haec
552 999 680 1039 verba
712 1013 733 1040 e
765 999 1006 1040 Democrito
1038 1004 1080 1040 et
1111 1000 1327 1056 Leucippo
1360 1003 1513 1044 sumit:
1559 1005 1608 1046 οὐ
1640 1006 1722 1060 γὰρ

107 1074 157 1116 ἂν
190 1073 323 1117 δοκεῖν
355 1075 454 1117 εἶναι
486 1079 672 1126 κίνησιν,
720 1080 749 1118 εἰ
781 1079 835 1130 μὴ
868 1078 925 1125 εἰἠ
959 1079 1103 1119 κενόν·
1137 1079 1183 1119 τὸ
1215 1079 1296 1134 ’γάρ
1329 1080 1484 1135 πλῆρες
1518 1079 1724 1124 ἀδύνατον

106 1152 207 1194 εἶναι
253 1151 450 1200 δέξασθαί
495 1173 543 1196 τι.
622 1154 861 1195 Secundum
907 1158 1049 1195 autem
1091 1155 1142 1195 ab
1184 1155 1367 1210 Epicuro
1410 1171 1431 1198 e
1479 1158 1722 1200 Democrito

108 1234 319 1284 sumptum
353 1244 473 1283 esse,
507 1245 561 1271 ex
594 1231 740 1272 eodem
763 1233 899 1287 capite
921 1232 1064 1272 videre
1086 1232 1213 1273 licet:
1252 1235 1321 1275 ἕνα
1351 1238 1423 1287 μὲν
1456 1235 1532 1277 οὗν
1563 1238 1724 1290 τρόπον

107 1309 148 1349 ἐκ
192 1310 352 1349 τούτων
400 1307 654 1351 δεικνύουσιν
702 1312 763 1351 ὅτι
809 1310 890 1351 ’ἐστι
936 1329 970 1351 τι
1004 1311 1145 1360 κενόν,
1187 1310 1325 1352 ἄλλον
1372 1310 1405 1354 δ’
1437 1314 1497 1354 ὅτι
1541 1316 1723 1368 φαίνεται

104 1384 187 1426 ’ένια
234 1387 431 1427 συνιόντα
478 1390 539 1428 καὶ
587 1388 838 1439 πιλούμενα,
887 1388 979 1429 οἷον
1027 1391 1089 1429 καὶ
1139 1389 1213 1430 τὸν
1246 1389 1365 1431 οἶνόν
1398 1400 1496 1444 φασι
1529 1389 1721 1447 δέχεσθαι

105 1461 203 1515 μετὰ
247 1466 330 1505 τῶν
376 1464 516 1506 ἀσκῶν
561 1466 659 1513 τοὺς
706 1467 886 1517 πίθους,
935 1466 990 1516 ὡς
1031 1468 1087 1514 εἷς
1118 1465 1167 1507 ‘cci
1198 1467 1344 1508 ἐνόντα
1377 1466 1469 1509 κενά
1502 1470 1722 1519 συνιόντος

107 1544 180 1580 τοῦ
225 1543 508 1594 πυκνουμέυου
541 1542 745 1593 σώματος.
803 1541 993 1581 Tertium
1034 1556 1198 1597 quoque
1236 1542 1473 1583 invenimus
1504 1544 1546 1583 in
1574 1544 1721 1585 eodem

108 1617 272 1671 capite:
322 1618 376 1659 ἔτι
415 1616 454 1659 δὲ
489 1621 549 1659 καὶ
584 1620 607 1666 ἡ
642 1618 814 1667 αὔξησις
847 1617 956 1661 δοκεῖ
986 1623 1084 1662 πᾶσι
1116 1623 1337 1675 ’γίγνεσθαι
1370 1619 1434 1663 Sca*
1467 1626 1585 1663 κενοῦ
1609 1636 1616 1643 ·
1649 1624 1724 1671 τὴν

106 1698 178 1747 μὲν
219 1694 298 1750 ’γάρ
341 1697 502 1750 τροφὴν
545 1699 661 1748 σῶμα
705 1696 822 1744 εἶναι,
867 1694 941 1738 δύο
984 1695 1023 1739 δε
1056 1698 1223 1749 σώματα
1254 1697 1463 1740 ἀδύνατον
1495 1699 1575 1751 ἅμα
1608 1700 1721 1741 εἶναι.

108 1771 312 1820 Quartum
344 1777 485 1813 autem
519 1787 614 1813 cum
646 1773 827 1814 seeundo
859 1774 983 1828 plane
1017 1775 1234 1815 convenit:
1278 1790 1410 1830 aquae
1442 1776 1531 1816 loco
1562 1776 1630 1817 hic
1655 1777 1724 1817 fri-

108 1866 185 1906 gus
218 1856 259 1892 et
291 1852 402 1892 calor
433 1857 716 1907 usurpantur,
745 1867 851 1908 quae
870 1853 1099 1894 secundum
1116 1853 1347 1908 Epicurum
1367 1887 1375 1907 ,
1399 1869 1492 1895 cum
1510 1854 1615 1894 nihil
1634 1868 1723 1896 esse

108 1934 274 1984 praeter
292 1944 465 1985 corpora
497 1934 537 1970 et
556 1944 735 1970 vacuum
754 1934 979 1983 statueret,
1000 1931 1109 1971 inter
1127 1946 1300 1986 corpora
1317 1936 1435 1972 erant
1451 1932 1723 1973 numeranda.

108 2007 311 2054 Quintum
353 2006 463 2061 apud
494 2007 783 2047 Democritum
821 2008 1014 2048 exstabat
1049 2008 1276 2049 secundum
1309 2008 1646 2064 Theophrastum
1668 2010 1720 2059 ²):

107 2083 221 2140 βαρὺ
264 2088 336 2137 μὲν
384 2085 459 2126 οὖν
499 2088 561 2126 καὶ
596 2090 753 2139 κοῦφον
785 2089 841 2140 ni]
872 2087 1031 2141 μεγέθει
1064 2084 1204 2141 διαιρεῖ
1237 2088 1498 2141 Δημόκριτος
1522 2101 1529 2108 ·
1564 2087 1612 2128 οὐ
1644 2089 1725 2139 μὴν

108 2162 205 2204 ἀλλ’
247 2162 289 2203 ἕν
327 2181 372 2217 γε
403 2167 491 2210 τοῖς
522 2169 679 2214 μικτοῖς
711 2164 962 2217 κουφότερον
996 2163 1046 2204 ἂν
1079 2164 1177 2205 εἶναι
1208 2165 1254 2204 τὸ
1289 2163 1418 2204 πλέον
1452 2164 1552 2219 ἕχον
1585 2165 1722 2216 κενόν,

108 2236 345 2293 βαρύτερον
392 2237 431 2281 δὲ
473 2240 518 2280 τὸ
552 2239 738 2280 ἔλαττον.
800 2239 911 2286 Quin
944 2240 1070 2280 etiam
1102 2240 1216 2279 illam
1249 2239 1527 2280 obiectionem
1560 2240 1609 2280 de
1642 2240 1723 2295 pis-

110 2315 226 2355 cibus
268 2316 311 2355 111
351 2330 459 2370 aqua
502 2316 698 2356 nantibus
740 2330 795 2356 ex
837 2316 1020 2370 Epicuro
1062 2321 1271 2371 sumptam
1306 2330 1394 2357 esse
1429 2317 1655 2357 verisimile
1678 2317 1724 2357 fit

109 2390 223 2432 hisce
255 2392 413 2444 verbis,
456 2406 562 2446 quae
591 2392 634 2431 111
670 2394 710 2431 7⁰
743 2393 878 2447 capite
910 2393 1150 2433 Aristotelis
1187 2393 1213 2433 1.
1246 2393 1272 2432 1.
1305 2394 1560 2448 reperimus:
1594 2394 1723 2435 αἴτιον

109 2466 148 2510 δὲ
181 2472 377 2520 κινήσεως
400 2469 555 2511 οἴονται
572 2470 672 2511 εἶναι
688 2471 734 2511 τὸ
754 2472 873 2512 κενὸν
895 2471 1026 2522 οὕτως
1052 2472 1108 2522 ὡς
1131 2474 1172 2513 ἐν
1195 2470 1226 2526 ᾦ
1251 2477 1414 2512 κινεῖται
1433 2485 1440 2492 ·
1473 2475 1597 2512 τοῦτο
1621 2469 1654 2513 δ’
1673 2471 1723 2512 ἂν

111 2546 167 2595 εἰἠ
199 2547 291 2589 οἷον
321 2548 395 2588 τὸν
426 2549 558 2589 τόπον
592 2550 693 2602 φασί
723 2566 830 2596 τινες
863 2548 961 2589 εἶναι
981 2562 988 2569 ·
1024 2546 1188 2601 οὐδεμία
1223 2547 1255 2590 δ’
1276 2547 1456 2602 ἀνάγκη,
1503 2550 1533 2589 εἰ
1565 2550 1724 2596 κίνησις

111 2783 197 2823 quod
219 2782 315 2813 inane
338 2782 503 2824 vocamus)
531 2783 862 2824 caraxaffissavoukvn
887 2783 917 2815 δὲ
943 2783 1007 2816 ὑπὸ
1034 2784 1201 2823 σώματος,
1223 2785 1325 2819 τόπος
1342 2785 1490 2813 καλεῖται
1511 2781 1609 2822 (apud
1628 2782 1723 2813 Luer.

112 2845 205 2876 inane
229 2845 263 2883 Ι,
285 2847 345 2875 420
359 2869 366 2883 ,
391 2845 480 2876 locus
504 2846 578 2884 etc.)
598 2846 798 2886 χωρούντων
821 2845 852 2876 δὲ
871 2845 908 2877 δι’
934 2847 1040 2884 αὐτῆς
1059 2845 1221 2886 σωμάτων
1238 2846 1329 2885 χώρα
1347 2846 1484 2885 γίνεται.
1504 2845 1612 2886 (Lucr.
1630 2845 1725 2875 inane

113 2907 168 2945 II,
194 2909 265 2945 217,
291 2909 369 2944 222,
396 2909 477 2944 226,
502 2906 597 2938 inane
620 2917 760 2938 vacuum
785 2908 844 2945 II,
872 2909 949 2945 158,
975 2907 1061 2947 236).

157 2969 181 3011 ¹)
229 2970 294 3001 Res
319 2982 356 2998 =
380 2980 430 3001 res
453 2970 580 3010 genitae
595 2994 602 3008 ‚
627 2980 742 3011 corpus
764 2981 858 3011 saepe
877 2983 914 2999 =
929 2970 1100 3008 materies,
1125 2972 1162 3000 ut
1185 2969 1223 3007 I,
1250 2970 1310 2999 336
1324 2992 1332 3007 ,
1357 2970 1394 2999 61
1420 2971 1452 2999 et
1466 2967 1596 3008 passim.

155 3032 182 3073 ²)
229 3034 310 3074 Περὶ
340 3033 479 3071 Αἰσὲιίισ.
506 3035 556 3063 61.

1494 3094 1550 3134 2*
