1921 3235
925 135 1004 175 174

157 285 239 327 quo
282 284 404 325 mage
450 269 631 326 plurima
660 269 886 323 habemus,
917 273 1005 310 tam
1034 269 1169 324 magis
1199 269 1379 312 ardescit
1410 270 1500 312 dira
1530 271 1766 327 cuppedine

157 348 330 403 pectus'’
359 349 399 401 ¹).
460 347 572 388 Scite
618 347 662 387 id
708 347 894 402 explicat
937 351 1089 402 poeta:
1144 361 1265 400 „nam
1317 348 1433 389 cibus
1479 352 1603 403 atque
1648 363 1768 390 umor

157 425 357 467 membris
397 424 630 465 adsumitur
659 425 800 478 intus3
847 437 952 480 quae
984 424 1180 480 quoniam
1211 429 1346 466 certas
1376 430 1549 480 possunt
1579 426 1768 468 obsidere

159 503 316 558 partis,
356 501 434 543 hoc
465 501 586 543 facile
618 501 813 556 expletur
843 501 1015 542 laticum
1045 501 1297 558 frugumque
1328 503 1506 558 cupido:
1554 517 1608 544 ex
1637 503 1769 545 homi-

159 580 224 620 nis
269 593 368 620 vero
412 578 518 620 facie
558 578 816 634 pulchroque
857 579 994 620 colore
1025 579 1084 619 nil
1117 579 1239 620 datur
1267 580 1311 620 in
1343 595 1490 636 corpus
1521 585 1687 636 praeter
1717 566 1769 622 si-

158 655 344 697 mulacra
384 654 607 696 fruendum
647 655 818 709 tenuia;
865 669 971 711 quae
1014 659 1200 696 mentem
1246 670 1339 712 spes
1370 662 1508 712 raptat
1540 671 1664 713 saepe
1694 658 1770 699 mi-

160 733 305 774 sella”.
368 732 451 774 Sed
493 747 746 788 quamquam
776 733 928 774 amoris
958 733 1070 774 mala
1101 738 1142 774 et
1173 747 1297 775 curae
1328 739 1424 775 sunt
1454 735 1678 789 fugienda,
1710 739 1771 776 ta-

159 824 257 851 men
293 810 498 863 „Veneris
527 810 665 852 fructu
698 812 814 864 (non)
848 815 961 852 caret
991 811 1026 851 is
1056 811 1126 866 qui
1156 811 1262 852 vitat
1292 826 1498 866 amorem,
1531 812 1603 854 sed
1633 813 1771 868 potius

159 902 265 943 quae
312 892 408 929 sunt
453 888 542 929 sine
589 901 724 943 poena
769 888 986 930 commoda
1016 888 1169 942 sumit,
1215 903 1313 929 nam
1344 894 1456 930 certe
1487 894 1631 945 purast
1661 890 1772 932 sanis

158 966 293 1020 magis
338 965 435 1007 inde
480 965 673 1021 voluptas
720 980 844 1021 quam
874 965 1064 1006 miseris'’
1089 966 1136 1019 2).
1195 966 1332 1007 Multa
1361 966 1542 1022 Epicuro
1575 972 1671 1008 sunt
1702 967 1772 1009 ob-

158 1043 268 1085 iecta
298 1048 469 1100 propter
499 1044 714 1085 lasciviam
746 1048 788 1085 et
819 1043 1040 1085 dissolutos
1070 1058 1227 1098 mores,
1260 1059 1362 1100 quos
1383 1045 1579 1100 probasse
1601 1046 1770 1087 dicitur:

160 1135 215 1163 ex
246 1122 379 1163 altera
414 1126 534 1178 parte
565 1122 740 1177 Epicuri
769 1122 899 1163 verba
920 1121 1095 1177 proferri
1118 1127 1318 1177 possunt,
1351 1137 1456 1178 quae
1479 1137 1682 1165 summam
1703 1123 1772 1165 ab·

150 1185 401 1242 stinentiam
433 1200 724 1241 commendare
756 1199 952 1241 videntur
979 1199 1022 1254 ³).
1082 1200 1179 1241 Non
1210 1205 1351 1242 tamen
1374 1201 1544 1254 dubito,
1567 1201 1667 1257 quin
1689 1202 1772 1243 Lu-

160 1278 314 1319 cretius
355 1277 511 1333 optime
554 1277 744 1332 magistri
790 1277 1030 1333 opinionem
1069 1277 1322 1331 reddiderit,
1370 1279 1436 1319 cui
1468 1279 1651 1334 placuit:
1699 1279 1773 1321 οὐκ

160 1357 462 1411 ἐρασθήσεσθαι
492 1355 566 1397 τὸν
598 1356 734 1410 σοφόν
755 1353 807 1408 4),
840 1355 917 1396 etsi
939 1359 1087 1410 poetae
1109 1354 1256 1408 ardor,
1288 1369 1383 1396 cum
1405 1370 1459 1396 ex
1481 1356 1628 1397 intimo
1649 1356 1772 1398 corde

159 1431 381 1488 loquatur,
413 1432 537 1486 longe
570 1431 743 1488 Epicuri
775 1433 1038 1474 ieiunitatem
1069 1437 1251 1488 superat.

215 1509 284 1550 Ex
316 1509 462 1551 eodem
497 1509 547 1551 de
569 1510 651 1551 fine
673 1510 876 1551 bonorum
898 1511 1103 1566 principio
1123 1544 1132 1564 ,
1169 1525 1274 1567 „quo
1296 1511 1506 1552 tendimus
1528 1514 1697 1553 omnes''
1717 1513 1772 1565 ⁵),

160 1588 238 1629 etsi
284 1588 441 1629 alienas
482 1602 607 1643 saepe
653 1588 731 1628 init
780 1589 866 1630 vias
911 1589 1088 1643 vulgus,
1136 1590 1339 1645 explicari
1387 1590 1512 1631 debet
1558 1590 1700 1645 legum
1732 1594 1774 1632 et

158 1665 376 1707 civitatum
409 1666 537 1720 origo.
600 1666 706 1708 Cum
739 1666 893 1707 erudiri
926 1670 1153 1722 coeperunt
1183 1666 1401 1721 homines,
1448 1672 1588 1709 narrat
1619 1668 1774 1709 Lucre-

158 1743 269 1797 tius,
306 1757 458 1798 „pecus
489 1748 614 1799 atque
646 1757 768 1798 agros
800 1744 978 1785 divisere
1011 1749 1135 1800 atque
1168 1744 1320 1786 dedere
1351 1760 1425 1801 pro
1447 1746 1551 1787 facie
1574 1746 1773 1802 cuiusque

160 1826 201 1864 et
232 1822 390 1863 viribus
420 1822 702 1878 ingenioque''
721 1823 766 1876 ὓ).
820 1823 904 1875 „At
935 1823 1067 1864 claros
1097 1822 1289 1864 homines
1320 1824 1543 1865 volucrunt
1574 1838 1617 1866 se
1648 1828 1774 1880 atque

158 1904 379 1956 potentes,
412 1905 459 1941 ut
489 1900 762 1942 fundamento
794 1901 933 1942 stabili
964 1901 1129 1942 fortuna
1159 1906 1348 1943 maneret
1379 1907 1420 1943 et
1451 1902 1657 1957 placidam
1682 1916 1775 1958 pos-

159 1980 253 2018 sent
293 1977 481 2032 opulenti
525 1977 676 2032 degere
709 1978 862 2031 vitam,
910 1991 962 2019 ne
994 1978 1215 2033 quiquam,
1254 1979 1449 2034 quoniam
1481 1978 1533 2020 ad
1566 1993 1773 2020 summum

160 2054 383 2097 succedere
423 2054 624 2096 honorem
658 2060 868 2097 certantes
898 2056 978 2097 iter
1008 2056 1206 2097 infestum
1237 2056 1374 2098 fecere
1407 2057 1518 2109 viai,
1560 2061 1601 2098 et
1633 2061 1774 2098 tamen

160 2146 183 2174 e
215 2147 405 2186 summo,
438 2133 555 2188 quasi
587 2133 770 2186 fulmen,
804 2133 931 2174 deicit
960 2133 1065 2174 ictos
1092 2133 1250 2174 invidia
1271 2134 1480 2175 interdum
1503 2135 1773 2190 contemptim

158 2209 201 2250 in
246 2209 423 2250 Tartara
469 2209 630 2250 taetra’'
658 2211 699 2263 7).
761 2210 937 2251 Nobiles
979 2215 1021 2251 et
1066 2224 1188 2265 reges
1234 2211 1359 2252 occisi
1406 2215 1575 2252 suntet
1608 2211 1774 2253 turbata

158 2285 323 2327 iacebat
368 2290 457 2327 tota
500 2287 750 2342 respublica.
810 2287 914 2328 Inde
957 2292 1128 2329 exortus
1174 2292 1237 2329 est
1277 2303 1409 2330 novus
1441 2303 1581 2330 rerum
1612 2294 1771 2331 status:

165 2364 480 2418 „magistratum
511 2365 663 2419 partim
695 2365 872 2407 docuere
905 2380 1069 2420 creare,
1101 2367 1273 2422 iuraque
1304 2367 1579 2420 constituere,
1611 2371 1658 2408 ut
1687 2367 1773 2408 vel-

205 2567 228 2608 ¹)
276 2567 348 2606 IV,
376 2568 467 2599 1089,

204 2631 231 2671 ⁹)
276 2629 324 2662 IV
338 2654 346 2669 ‚
375 2631 466 2664 1073.

203 2691 232 2734 3)
278 2691 368 2726 Stob.
393 2692 504 2724 Floril.
529 2702 559 2734 p.
585 2695 656 2725 282.
681 2695 882 2736 Ἐπίκουρος
905 2695 1083 2736 ἐρωτηθεὶς
1106 2696 1189 2728 πότε
1213 2695 1258 2728 δεῖ
1282 2697 1497 2738 προςομιλεῖν
1518 2697 1668 2739 γυναικί,
1691 2697 1770 2740 ἔφη,

161 2756 246 2788 ὅταν
269 2758 396 2788 σαυτὸν
419 2756 661 2798 ἀσθενέστερον
683 2758 786 2799 θέλῃς
809 2757 973 2799 γενέσθαι.

204 2818 228 2856 ⁴1>
273 2818 315 2849 D.
340 2818 378 2849 L.
403 2818 457 2858 Χ,
486 2821 555 2850 118.

205 2880 232 2921 ⁵)
276 2880 345 2919 VI,
370 2882 421 2912 26.

205 2943 231 2985 6)
278 2943 329 2983 V,
355 2946 436 2976 1110
459 2954 547 2986 seqq.

206 3005 231 3043 ἵ)
276 3005 327 3043 V,
354 3007 434 3037 1120
457 3016 545 3048 seqq.
