1894 3235
843 131 921 170 127

72 262 198 304 huius
242 263 303 304 rei
349 262 678 318 explicationes,
725 277 831 318 quae
877 263 989 318 apud
1036 277 1131 304 eum
1178 262 1447 318 reperiuntur
1476 263 1514 316 ¹).
1575 263 1689 303 Fieri

72 344 238 396 potest,
282 344 331 380 ut
373 340 433 381 sol
478 340 531 380 sit
575 340 666 380 fons
712 340 882 380 luminis
924 344 1050 396 atque
1082 340 1267 393 ardoris,
1310 340 1371 381 ita
1401 344 1447 380 ut
1480 340 1689 381 elementa

73 418 220 459 caloris
272 432 327 458 ex
375 418 487 459 omni
535 418 691 458 mundo
742 418 786 458 in
839 432 934 459 eum
986 419 1196 459 confluant
1247 422 1289 458 et
1340 417 1490 458 deinde
1538 432 1593 458 ex
1639 431 1688 459 eo

74 499 294 550 erumpant
339 499 381 535 et
426 499 640 548 scateant,
687 509 770 536 non
813 495 893 536 alio
924 495 1047 536 modo
1079 500 1203 550 atque
1240 495 1348 547 „late
1380 509 1534 550 parvus
1565 496 1689 550 aquai

73 577 193 627 prata
221 573 330 626 riget
361 572 451 613 fons
474 573 585 613 inter
608 572 706 613 dum
729 573 968 628 campisque
990 572 1223 613 redundet'’
1246 573 1290 622 2).
1333 572 1447 613 Fieri
1469 573 1596 613 etiam
1616 587 1688 628 po-

73 654 182 702 test,
223 654 270 689 ut
301 650 421 690 ardor
452 650 571 703 solis,
605 650 681 690 etsi
712 665 866 705 parvus
896 649 963 691 hic
997 650 1076 703 sit,
1108 654 1250 690 tamen
1281 650 1426 690 calidis
1456 650 1688 691 fervoribus

72 731 207 767 totum
238 727 440 768 accendat
473 731 611 768 aerem
631 761 640 777 ,
674 728 707 768 si
737 727 843 768 forte
875 727 1050 768 idoneus
1082 732 1143 768 est
1175 741 1245 768 aer
1277 728 1346 782 qui
1376 727 1497 768 facile
1528 728 1688 769 inflam-

72 809 237 857 metur,
270 805 417 845 eodem
448 805 570 845 modo
608 815 733 860 atque
770 805 903 857 „inter
936 805 1033 845 dum
1066 810 1230 858 segetes
1265 805 1542 860 stipulamque
1575 806 1688 847 vide-

72 896 165 922 mus
210 883 399 923 accidere
441 897 495 923 ex
541 898 623 924 una
671 883 850 923 scintilla
889 882 1081 923 incendia
1114 883 1310 937 passim'’.
1373 882 1566 938 Denique
1598 884 1688 925 fieri

72 963 208 1014 potest
252 965 299 1000 ut
344 961 405 1001 sol
447 960 602 1001 circum
635 974 676 1000 se
708 959 861 1000 habeat
891 960 1071 1000 multum
1104 960 1312 1012 calorem,
1363 961 1501 1012 „nullo
1534 962 1603 1016 qui
1636 962 1689 1002 sit

72 1036 234 1091 fulgore
279 1038 489 1090 notatus'’,
536 1038 596 1079 ita
635 1042 682 1078 ut
712 1052 796 1077 non
826 1037 959 1078 videri
991 1037 1120 1092 possit
1152 1042 1193 1077 et
1224 1037 1330 1078 hanc
1364 1038 1414 1078 ob
1445 1052 1534 1079 rem
1566 1040 1688 1080 aesti-

72 1115 208 1156 ferum
268 1116 396 1156 ictum
442 1115 653 1156 radiorum
693 1115 982 1156 tantummodo
1031 1125 1267 1169 exaugeat,
1315 1129 1398 1155 non
1444 1116 1588 1157 lumen
1634 1118 1686 1157 si-

71 1193 160 1234 mul
178 1196 224 1243 3).

131 1270 192 1311 Ut
237 1270 280 1310 in
320 1270 511 1311 omnibus
541 1270 778 1311 huiusmodi
811 1269 1150 1326 quaestionibus,
1197 1284 1280 1310 non
1310 1285 1529 1325 possumus
1561 1286 1687 1313 unam

73 1348 388 1403 simplicemque
429 1348 578 1389 afferre
618 1363 812 1401 causam,
858 1352 904 1388 ut
936 1348 1223 1402 explicemus,
1275 1362 1379 1403 „quo
1412 1353 1533 1403 pacto
1565 1350 1689 1390 aesti-

71 1425 135 1465 vis
181 1438 204 1465 e
253 1425 442 1480 partibus
497 1425 754 1479 aegocerotis
808 1425 1009 1465 brumalis
1060 1424 1182 1466 adeat
1229 1425 1365 1465 flexus
1415 1430 1539 1481 atque
1590 1426 1687 1468 inde

71 1505 287 1542 revertens
318 1502 455 1542 cancri
487 1515 529 1542 se
561 1506 607 1542 ut
637 1506 775 1542 vertat
806 1507 939 1542 metas
970 1502 1022 1543 ad
1055 1502 1322 1555 solstitiales,
1360 1502 1542 1558 lunaque
1574 1518 1689 1545 men-

73 1577 186 1618 sibus
215 1578 259 1618 id
290 1578 471 1632 spatium
502 1578 694 1619 videatur
727 1578 869 1631 obire,
903 1593 1041 1619 annua
1072 1579 1132 1619 sol
1162 1579 1205 1618 in
1238 1593 1317 1634 quo
1350 1580 1555 1620 consumit
1585 1586 1689 1621 tem-

72 1669 174 1710 pora
219 1656 369 1696 cursu''
418 1657 494 1708 (vs.
529 1657 757 1709 614—19).
832 1656 1022 1696 Primum
1066 1656 1298 1697 Democriti
1343 1657 1550 1698 sententia
1589 1671 1690 1699 vera

117 1871 139 1912 ¹)
185 1871 240 1902 Vs.
266 1872 456 1909 597—603,
482 1871 672 1908 604—609,
698 1871 876 1901 610—613.

115 1933 141 1969 23,-
187 1933 244 1964 Vs.
269 1935 354 1971 602,
381 1935 408 1964 3.

116 1995 142 2037 3)
187 1996 244 2027 Vs.
278 1998 338 2026 610
363 2006 450 2036 seqq.
475 1996 671 2035 Aestifefum
696 1994 869 2035 legendum
892 2004 960 2025 esse
983 2004 1096 2025 censeo
1111 2018 1118 2032 ,
1154 2005 1226 2025 cum
1252 1995 1376 2025 Avanc.
1402 1994 1514 2025 Lamb.
1539 1993 1687 2035 aliisque.

75 2059 229 2091 Codicum
252 2057 339 2089 enim
362 2057 552 2095 auctoritas,
576 2058 743 2098 aestf‘f'e'riu
758 2055 1001 2096 praebentium,
1026 2066 1095 2087 eam
1112 2066 1242 2096 poscere
1257 2055 1339 2087 mihi
1354 2056 1500 2088 videtur:
1525 2061 1690 2097 praeterea

75 2121 235 2154 sententia
258 2120 303 2151 sic
327 2120 365 2151 fit
387 2119 512 2151 clarior.
539 2119 629 2150 Ictus
653 2120 738 2150 enim
761 2119 923 2150 radiorum
940 2118 1059 2149 dicitur
1071 2118 1204 2159 augeri3
1230 2118 1286 2160 qui
1301 2122 1410 2150 autem
1425 2118 1510 2150 ictus
1526 2119 1691 2160 augetur?

75 2184 167 2216 Ictus
189 2183 242 2214 hic
265 2187 314 2214 est
337 2182 488 2214 effectus:
514 2181 595 2212 radii
618 2181 763 2213 efficiunt
786 2181 900 2212 caloris
924 2184 956 2212 et
977 2180 1113 2211 luminis
1137 2191 1287 2211 sensum:
1314 2180 1429 2212 caloris
1452 2184 1561 2212 autem
1578 2192 1690 2213 sensus

73 2246 132 2279 illo
154 2247 278 2285 „caecis
300 2245 480 2277 fervoribus
502 2245 596 2286 igne'
615 2248 763 2285 augetur.
787 2243 928 2275 Etiamsi
944 2254 1017 2275 cum
1035 2243 1174 2275 Munroo
1191 2247 1222 2274 et
1238 2243 1370 2274 Lachm.
1388 2245 1515 2284 aestz'fir
1530 2244 1689 2285 legerem,

73 2313 184 2342 tamen
209 2321 275 2342 non
295 2309 484 2350 intellegere
506 2319 633 2349 possem
647 2333 654 2346 ‚
679 2308 756 2350 quid
780 2308 889 2338 Munr.
914 2307 976 2338 sibi
999 2306 1078 2338 velit
1101 2306 1136 2337 in
1159 2310 1267 2338 annot.
1285 2307 1325 2337 ad
1341 2317 1388 2337 vs.
1407 2309 1573 2338 610—13:
1599 2307 1689 2348 Tyn-

75 2373 141 2405 dau
175 2377 289 2414 quotes
320 2372 409 2403 what
442 2372 483 2403 he
507 2372 586 2403 calls
609 2371 696 2410 „this
718 2370 920 2402 remarkable
942 2371 1095 2411 passage*
1121 2369 1231 2401 before
1253 2369 1304 2400 his
1327 2379 1418 2410 essa)⁷
1444 2380 1486 2401 on
1507 2369 1668 2401 radiation
1682 2393 1690 2408 ‚

76 2436 189 2476 Frags.
222 2435 259 2466 of
290 2434 422 2466 Science
455 2445 486 2474 p.
525 2436 604 2473 17ος
639 2434 702 2464 and
735 2433 770 2464 in
803 2433 859 2464 the
891 2443 1002 2464 course
1033 2433 1070 2463 of
1096 2432 1152 2463 the
1185 2442 1278 2473 essay
1302 2431 1408 2463 shews
1430 2431 1503 2462 that
1524 2431 1580 2463 the
1601 2433 1690 2463 sun's

75 2497 228 2530 invisible
260 2508 336 2539 rays
369 2497 419 2528 far
449 2497 621 2528 transcend
653 2496 709 2527 the
742 2495 859 2527 visible
889 2495 924 2526 in
946 2494 1080 2535 heating
1103 2505 1232 2534 power3
1267 2494 1331 2524 and
1352 2493 1424 2524 that
1448 2493 1547 2525 about
1571 2495 1610 2524 98
1633 2504 1691 2534 per

76 2564 159 2593 cent.
193 2561 230 2593 of
257 2560 312 2592 the
343 2559 448 2591 whole
478 2559 638 2591 radiation
674 2559 756 2591 from
793 2570 852 2591 our
872 2558 952 2590 fires
975 2557 1111 2589 consists
1134 2557 1171 2589 of
1189 2556 1341 2588 invisible
1364 2557 1470 2598 ηιξ-ΞΓ
1517 2556 1690 2588 Lucretius

75 2635 141 2656 non
173 2627 329 2655 memorat
359 2622 526 2654 aestifer-os
559 2622 665 2654 radios
699 2626 732 2653 et
764 2621 916 2653 luciferos
940 2621 1041 2652 alios:
1081 2620 1173 2652 nullo
1196 2620 1266 2651 iure
1288 2619 1371 2651 hanc
1395 2619 1637 2650 distinctionem
1660 2619 1690 2651 ei

75 2686 217 2718 tribuere
247 2696 428 2726 possumus.
474 2684 611 2726 Antiqui
643 2684 803 2724 putabant
832 2683 916 2714 lucis
948 2683 1059 2714 radios
1092 2685 1242 2713 naturam
1265 2692 1373 2713 secum
1396 2681 1481 2723 ignis
1504 2682 1687 2713 devehere:

76 2749 113 2781 hi
137 2748 280 2781 aestiferi
304 2751 336 2779 et
350 2747 479 2779 luciferi
495 2749 573 2778 ictus
588 2747 753 2779 radiorum
768 2747 890 2778 secerni
905 2750 1049 2787 possunt.
1078 2745 1131 2777 Sic
1145 2771 1151 2782 ,
1177 2744 1317 2785 exempli
1331 2744 1437 2785 gratia
1450 2769 1457 2783 ,
1480 2744 1671 2785 „speculum
1681 2768 1690 2783 ,

77 2822 152 2843 cum
185 2811 387 2852 splendorem
420 2811 458 2841 de
492 2820 526 2842 se
560 2809 595 2841 vi
617 2809 757 2850 oppositi
779 2809 905 2841 eminus
927 2808 1014 2850 ignis
1036 2807 1157 2839 emittit
1175 2832 1182 2846 ,
1213 2807 1313 2839 solam
1335 2806 1421 2848 ignis
1443 2806 1691 2839 similitudinem

78 2877 240 2905 carentem
276 2883 373 2904 sensu
406 2871 521 2904 caloris
550 2871 734 2913 ostendit&
768 2871 817 2903 Eo
840 2881 968 2913 quoque
990 2871 1028 2902 fit
1050 2873 1088 2901 ut
1109 2870 1206 2901 lunae
1229 2868 1312 2900 radii
1334 2869 1472 2901 calorem
1495 2879 1604 2900 secum
1625 2879 1692 2901 non

77 2935 248 2967 devehant.
294 2934 437 2966 Macrob.
462 2944 576 2965 comm.
599 2933 635 2965 in
657 2944 759 2966 somn.
786 2934 871 2974 Scip.
896 2933 925 2965 I.
950 2943 1018 2973 cap.
1046 2934 1105 2970 19,
1136 2941 1262 2972 paragr.
1289 2933 1338 2963 13.
1385 2930 1589 2972 Quamquam
1610 2931 1691 2963 haec

77 2998 224 3030 doctrina
246 2998 329 3030 falsa
350 3002 417 3036 est,
440 3001 550 3029 tamen
571 2996 655 3028 nihil
678 3001 728 3029 est
741 3021 749 3036 ‚
773 2997 860 3038 quod
881 3007 939 3028 nos
962 2998 1076 3036 cogat,
1100 2998 1139 3026 ut
1155 3004 1226 3026 eam
1243 2993 1283 3026 ab
1298 2993 1442 3034 Epicuro
1457 2993 1689 3026 abiudicemus.
