<?xml version="1.0" encoding="UTF-8"?>
<!DOCTYPE html PUBLIC "-//W3C//DTD XHTML 1.0 Transitional//EN"
    "http://www.w3.org/TR/xhtml1/DTD/xhtml1-transitional.dtd">
<html xmlns="http://www.w3.org/1999/xhtml" xml:lang="en" lang="en">
 <head>
  <title>
</title>
<meta http-equiv="Content-Type" content="text/html;charset=utf-8" />
  <meta name='ocr-system' content='tesseract 3.04.00' />
  <meta name='ocr-capabilities' content='ocr_page ocr_carea ocr_par ocr_line ocrx_word'/>
</head>
<body>
  <div class='ocr_page' id='page_1' title='image "./lucretiiphilosop00woltuoft_0039.png"; bbox 0 0 1894 3235; ppageno 0'>
   <div class='ocr_carea' id='block_1_1' title="bbox 873 140 925 179">
    <p class='ocr_par' dir='ltr' id='par_1_1' title="bbox 873 140 925 179">
     <span class='ocr_line' id='line_1_1' title="bbox 873 140 925 179; baseline 0.019 -1"><span class='ocrx_word' id='word_1_1' title='bbox 873 140 925 179; x_wconf 85' lang='lat'><strong>25</strong></span> 
     </span>
    </p>
   </div>
   <div class='ocr_carea' id='block_1_2' title="bbox 90 267 1710 1805">
    <p class='ocr_par' dir='ltr' id='par_1_2' title="bbox 90 267 1705 793">
     <span class='ocr_line' id='line_1_2' title="bbox 90 267 1703 327; baseline -0.004 -14"><span class='ocrx_word' id='word_1_2' title='bbox 90 285 157 313; x_wconf 87' lang='lat' dir='ltr'><strong>res</strong></span> <span class='ocrx_word' id='word_1_3' title='bbox 188 272 406 313; x_wconf 78' lang='lat' dir='ltr'><strong>orirentur.</strong></span> <span class='ocrx_word' id='word_1_4' title='bbox 440 298 491 301; x_wconf 97' lang='lat'><strong>—</strong></span> <span class='ocrx_word' id='word_1_5' title='bbox 524 272 644 313; x_wconf 90' lang='lat' dir='ltr'><strong>Haec</strong></span> <span class='ocrx_word' id='word_1_6' title='bbox 676 273 814 313; x_wconf 90' lang='lat' dir='ltr'><strong>omnia</strong></span> <span class='ocrx_word' id='word_1_7' title='bbox 846 272 1098 327; x_wconf 89' lang='lat' dir='ltr'><strong>respondent</strong></span> <span class='ocrx_word' id='word_1_8' title='bbox 1129 270 1386 325; x_wconf 79' lang='lat' dir='ltr'><strong>argumentis</strong></span> <span class='ocrx_word' id='word_1_9' title='bbox 1408 283 1532 323; x_wconf 87' lang='lat' dir='ltr'><strong>supra</strong></span> <span class='ocrx_word' id='word_1_10' title='bbox 1562 267 1703 308; x_wconf 89' lang='lat' dir='ltr'><strong>lauda-</strong></span> 
     </span>
     <span class='ocr_line' id='line_1_3' title="bbox 92 346 1704 405; baseline -0.004 -15"><span class='ocrx_word' id='word_1_11' title='bbox 92 349 171 402; x_wconf 85' lang='lat' dir='ltr'><strong>tis,</strong></span> <span class='ocrx_word' id='word_1_12' title='bbox 217 349 289 390; x_wconf 87' lang='lat' dir='ltr'><strong>ubi</strong></span> <span class='ocrx_word' id='word_1_13' title='bbox 320 354 461 390; x_wconf 90' lang='lat' dir='ltr'><strong>tamen</strong></span> <span class='ocrx_word' id='word_1_14' title='bbox 492 350 629 390; x_wconf 88' lang='lat' dir='ltr'><strong>minus</strong></span> <span class='ocrx_word' id='word_1_15' title='bbox 661 355 758 405; x_wconf 88' lang='lat' dir='ltr'><strong>apta</strong></span> <span class='ocrx_word' id='word_1_16' title='bbox 790 355 909 390; x_wconf 88' lang='lat' dir='ltr'><strong>erant</strong></span> <span class='ocrx_word' id='word_1_17' title='bbox 941 364 1064 405; x_wconf 88' lang='lat' dir='ltr'><strong>quam</strong></span> <span class='ocrx_word' id='word_1_18' title='bbox 1095 349 1190 401; x_wconf 86' lang='grc'><strong>1116,</strong></span> <span class='ocrx_word' id='word_1_19' title='bbox 1238 347 1302 388; x_wconf 86' lang='grc'><strong>1111</strong></span> <span class='ocrx_word' id='word_1_20' title='bbox 1334 348 1416 387; x_wconf 87' lang='lat' dir='ltr'><strong>iam</strong></span> <span class='ocrx_word' id='word_1_21' title='bbox 1450 346 1704 386; x_wconf 84' lang='lat' dir='ltr'><strong>demonstra-</strong></span> 
     </span>
     <span class='ocr_line' id='line_1_4' title="bbox 91 422 1705 482; baseline -0.004 -15"><span class='ocrx_word' id='word_1_22' title='bbox 91 427 239 467; x_wconf 87' lang='lat' dir='ltr'><strong>vimus.</strong></span> <span class='ocrx_word' id='word_1_23' title='bbox 303 427 400 468; x_wconf 82' lang='lat' dir='ltr'><strong>Sine</strong></span> <span class='ocrx_word' id='word_1_24' title='bbox 448 428 571 468; x_wconf 86' lang='lat' dir='ltr'><strong>dubio</strong></span> <span class='ocrx_word' id='word_1_25' title='bbox 616 427 668 468; x_wconf 89' lang='lat' dir='ltr'><strong>ab</strong></span> <span class='ocrx_word' id='word_1_26' title='bbox 712 428 800 482; x_wconf 88' lang='lat' dir='ltr'><strong>ipso</strong></span> <span class='ocrx_word' id='word_1_27' title='bbox 846 427 1027 482; x_wconf 80' lang='lat' dir='ltr'><strong>Epicuro</strong></span> <span class='ocrx_word' id='word_1_28' title='bbox 1059 427 1126 467; x_wconf 90' lang='lat' dir='ltr'><strong>hic</strong></span> <span class='ocrx_word' id='word_1_29' title='bbox 1160 430 1255 467; x_wconf 90' lang='lat' dir='ltr'><strong>sunt</strong></span> <span class='ocrx_word' id='word_1_30' title='bbox 1296 428 1496 479; x_wconf 88' lang='lat' dir='ltr'><strong>usurpata</strong></span> <span class='ocrx_word' id='word_1_31' title='bbox 1520 422 1563 476; x_wconf 86' lang='lat'><strong>¹):</strong></span> <span class='ocrx_word' id='word_1_32' title='bbox 1611 436 1705 462; x_wconf 87' lang='lat' dir='ltr'><strong>con-</strong></span> 
     </span>
     <span class='ocr_line' id='line_1_5' title="bbox 92 500 1705 560; baseline -0.002 -16"><span class='ocrx_word' id='word_1_33' title='bbox 92 509 246 559; x_wconf 84' lang='lat' dir='ltr'><strong>gruunt</strong></span> <span class='ocrx_word' id='word_1_34' title='bbox 277 520 370 546; x_wconf 87' lang='lat' dir='ltr'><strong>cum</strong></span> <span class='ocrx_word' id='word_1_35' title='bbox 401 510 489 546; x_wconf 90' lang='lat' dir='ltr'><strong>tota</strong></span> <span class='ocrx_word' id='word_1_36' title='bbox 520 506 608 546; x_wconf 85' lang='lat' dir='ltr'><strong>eius</strong></span> <span class='ocrx_word' id='word_1_37' title='bbox 640 505 906 560; x_wconf 69' lang='lat' dir='ltr'>philosophia</span> <span class='ocrx_word' id='word_1_38' title='bbox 938 519 1073 560; x_wconf 88' lang='lat' dir='ltr'><strong>neque</strong></span> <span class='ocrx_word' id='word_1_39' title='bbox 1106 504 1329 560; x_wconf 80' lang='lat' dir='ltr'><strong>quidquam</strong></span> <span class='ocrx_word' id='word_1_40' title='bbox 1368 507 1457 555; x_wconf 79' lang='lat' dir='ltr'><strong>est,</strong></span> <span class='ocrx_word' id='word_1_41' title='bbox 1505 500 1613 556; x_wconf 86' lang='lat' dir='ltr'><strong>quod</strong></span> <span class='ocrx_word' id='word_1_42' title='bbox 1645 500 1705 540; x_wconf 90' lang='lat' dir='ltr'><strong>iu-</strong></span> 
     </span>
     <span class='ocr_line' id='line_1_6' title="bbox 93 579 1704 637; baseline -0.004 -13"><span class='ocrx_word' id='word_1_43' title='bbox 93 582 262 624; x_wconf 90' lang='lat' dir='ltr'><strong>duceret</strong></span> <span class='ocrx_word' id='word_1_44' title='bbox 293 598 386 636; x_wconf 79' lang='lat' dir='ltr'><strong>nOS,</strong></span> <span class='ocrx_word' id='word_1_45' title='bbox 420 588 465 624; x_wconf 90' lang='lat' dir='ltr'><strong>ut</strong></span> <span class='ocrx_word' id='word_1_46' title='bbox 496 584 760 624; x_wconf 75' lang='lat' dir='ltr'><strong>crederemus</strong></span> <span class='ocrx_word' id='word_1_47' title='bbox 791 583 894 624; x_wconf 86' lang='lat' dir='ltr'><strong>haec</strong></span> <span class='ocrx_word' id='word_1_48' title='bbox 926 583 1113 624; x_wconf 87' lang='lat' dir='ltr'><strong>Lucretii</strong></span> <span class='ocrx_word' id='word_1_49' title='bbox 1145 582 1312 637; x_wconf 86' lang='lat' dir='ltr'><strong>propria</strong></span> <span class='ocrx_word' id='word_1_50' title='bbox 1343 594 1444 621; x_wconf 86' lang='lat' dir='ltr'><strong>esse.</strong></span> <span class='ocrx_word' id='word_1_51' title='bbox 1508 579 1704 620; x_wconf 85' lang='lat' dir='ltr'><strong>Ceterum</strong></span> 
     </span>
     <span class='ocr_line' id='line_1_7' title="bbox 90 657 1705 710; baseline -0.004 -9"><span class='ocrx_word' id='word_1_52' title='bbox 90 659 294 701; x_wconf 87' lang='lat' dir='ltr'><strong>fateamur</strong></span> <span class='ocrx_word' id='word_1_53' title='bbox 340 661 505 702; x_wconf 88' lang='lat' dir='ltr'><strong>difficile</strong></span> <span class='ocrx_word' id='word_1_54' title='bbox 553 675 641 701; x_wconf 86' lang='lat' dir='ltr'><strong>esse</strong></span> <span class='ocrx_word' id='word_1_55' title='bbox 688 661 729 701; x_wconf 88' lang='lat' dir='ltr'><strong>in</strong></span> <span class='ocrx_word' id='word_1_56' title='bbox 777 661 979 701; x_wconf 84' lang='lat' dir='ltr'><strong>eiusmodi</strong></span> <span class='ocrx_word' id='word_1_57' title='bbox 1011 660 1135 700; x_wconf 83' lang='lat' dir='ltr'><strong>rebus</strong></span> <span class='ocrx_word' id='word_1_58' title='bbox 1166 659 1389 700; x_wconf 87' lang='lat' dir='ltr'><strong>veritatem</strong></span> <span class='ocrx_word' id='word_1_59' title='bbox 1427 657 1705 710; x_wconf 83' lang='lat' dir='ltr'><strong>investigare⁷</strong></span> 
     </span>
     <span class='ocr_line' id='line_1_8' title="bbox 91 737 1311 793; baseline -0.002 -15"><span class='ocrx_word' id='word_1_60' title='bbox 91 739 288 793; x_wconf 89' lang='lat' dir='ltr'><strong>quoniam</strong></span> <span class='ocrx_word' id='word_1_61' title='bbox 318 738 554 793; x_wconf 82' lang='lat' dir='ltr'><strong>fragmenta</strong></span> <span class='ocrx_word' id='word_1_62' title='bbox 585 739 744 779; x_wconf 87' lang='lat' dir='ltr'><strong>nullum</strong></span> <span class='ocrx_word' id='word_1_63' title='bbox 777 738 981 779; x_wconf 74' lang='lat' dir='ltr'><strong>exhibent</strong></span> <span class='ocrx_word' id='word_1_64' title='bbox 1012 737 1311 778; x_wconf 85' lang='lat' dir='ltr'><strong>testimonium.</strong></span> 
     </span>
    </p>

    <p class='ocr_par' dir='ltr' id='par_1_3' title="bbox 90 811 1710 1805">
     <span class='ocr_line' id='line_1_9' title="bbox 148 811 1708 871; baseline -0.003 -15"><span class='ocrx_word' id='word_1_65' title='bbox 148 816 375 871; x_wconf 88' lang='lat' dir='ltr'><strong>Postquam</strong></span> <span class='ocrx_word' id='word_1_66' title='bbox 422 816 549 870; x_wconf 80' lang='lat' dir='ltr'><strong>igitur</strong></span> <span class='ocrx_word' id='word_1_67' title='bbox 593 816 893 856; x_wconf 86' lang='lat' dir='ltr'><strong>demonstravit</strong></span> <span class='ocrx_word' id='word_1_68' title='bbox 940 829 1028 856; x_wconf 88' lang='lat' dir='ltr'><strong>esse</strong></span> <span class='ocrx_word' id='word_1_69' title='bbox 1076 829 1271 870; x_wconf 75' lang='lat' dir='ltr'><strong>corpora,</strong></span> <span class='ocrx_word' id='word_1_70' title='bbox 1329 827 1434 869; x_wconf 86' lang='lat' dir='ltr'><strong>quae</strong></span> <span class='ocrx_word' id='word_1_71' title='bbox 1481 811 1708 867; x_wconf 88' lang='lat' dir='ltr'><strong>primordia</strong></span> 
     </span>
     <span class='ocr_line' id='line_1_10' title="bbox 90 889 1706 949; baseline -0.003 -15"><span class='ocrx_word' id='word_1_72' title='bbox 90 908 230 934; x_wconf 86' lang='lat' dir='ltr'><strong>rerum</strong></span> <span class='ocrx_word' id='word_1_73' title='bbox 275 894 478 949; x_wconf 86' lang='lat' dir='ltr'><strong>appellari</strong></span> <span class='ocrx_word' id='word_1_74' title='bbox 525 898 725 949; x_wconf 74' lang='lat' dir='ltr'><strong>possunt,</strong></span> <span class='ocrx_word' id='word_1_75' title='bbox 772 893 920 933; x_wconf 81' lang='lat' dir='ltr'><strong>horum</strong></span> <span class='ocrx_word' id='word_1_76' title='bbox 971 897 1162 934; x_wconf 85' lang='lat' dir='ltr'><strong>naturam</strong></span> <span class='ocrx_word' id='word_1_77' title='bbox 1208 891 1442 932; x_wconf 87' lang='lat' dir='ltr'><strong>accuratius</strong></span> <span class='ocrx_word' id='word_1_78' title='bbox 1474 889 1706 931; x_wconf 81' lang='lat' dir='ltr'><strong>describere</strong></span> 
     </span>
     <span class='ocr_line' id='line_1_11' title="bbox 90 968 1706 1027; baseline -0.003 -15"><span class='ocrx_word' id='word_1_79' title='bbox 90 970 331 1025; x_wconf 79' lang='lat' dir='ltr'><strong>videtur²)‚</strong></span> <span class='ocrx_word' id='word_1_80' title='bbox 379 972 576 1027; x_wconf 89' lang='lat' dir='ltr'><strong>quoniam</strong></span> <span class='ocrx_word' id='word_1_81' title='bbox 623 986 677 1012; x_wconf 79' lang='lat' dir='ltr'><strong>ex</strong></span> <span class='ocrx_word' id='word_1_82' title='bbox 725 986 867 1012; x_wconf 86' lang='lat' dir='ltr'><strong>earum</strong></span> <span class='ocrx_word' id='word_1_83' title='bbox 914 971 1091 1011; x_wconf 82' lang='lat' dir='ltr'><strong>scientia</strong></span> <span class='ocrx_word' id='word_1_84' title='bbox 1138 970 1270 1010; x_wconf 87' lang='lat' dir='ltr'><strong>omnis</strong></span> <span class='ocrx_word' id='word_1_85' title='bbox 1308 969 1463 1024; x_wconf 88' lang='lat' dir='ltr'><strong>pendet</strong></span> <span class='ocrx_word' id='word_1_86' title='bbox 1506 968 1706 1008; x_wconf 86' lang='lat' dir='ltr'><strong>doctrina.</strong></span> 
     </span>
     <span class='ocr_line' id='line_1_12' title="bbox 92 1045 1708 1104; baseline -0.003 -14"><span class='ocrx_word' id='word_1_87' title='bbox 92 1049 357 1090; x_wconf 81' lang='lat' dir='ltr'><strong>Democritus</strong></span> <span class='ocrx_word' id='word_1_88' title='bbox 380 1047 412 1102; x_wconf 75' lang='lat'><strong>3)</strong></span> <span class='ocrx_word' id='word_1_89' title='bbox 445 1050 528 1090; x_wconf 90' lang='lat' dir='ltr'><strong>iam</strong></span> <span class='ocrx_word' id='word_1_90' title='bbox 576 1054 617 1090; x_wconf 91' lang='lat' dir='ltr'><strong>et</strong></span> <span class='ocrx_word' id='word_1_91' title='bbox 649 1049 857 1104; x_wconf 82' lang='lat' dir='ltr'><strong>Epicurus</strong></span> <span class='ocrx_word' id='word_1_92' title='bbox 876 1050 906 1097; x_wconf 79' lang='lat'><strong>4)</strong></span> <span class='ocrx_word' id='word_1_93' title='bbox 955 1048 1184 1088; x_wconf 86' lang='lat' dir='ltr'><strong>docuerunt</strong></span> <span class='ocrx_word' id='word_1_94' title='bbox 1215 1045 1460 1101; x_wconf 32' lang='lat' dir='ltr'><strong>primordia*</strong></span> <span class='ocrx_word' id='word_1_95' title='bbox 1483 1060 1571 1086; x_wconf 89' lang='lat' dir='ltr'><strong>esse</strong></span> <span class='ocrx_word' id='word_1_96' title='bbox 1603 1045 1708 1085; x_wconf 88' lang='lat' dir='ltr'><strong>indi-</strong></span> 
     </span>
     <span class='ocr_line' id='line_1_13' title="bbox 91 1123 1707 1182; baseline -0.003 -14"><span class='ocrx_word' id='word_1_97' title='bbox 91 1127 216 1168; x_wconf 82' lang='lat' dir='ltr'><strong>vidua</strong></span> <span class='ocrx_word' id='word_1_98' title='bbox 247 1132 288 1168; x_wconf 93' lang='lat' dir='ltr'><strong>et</strong></span> <span class='ocrx_word' id='word_1_99' title='bbox 318 1127 622 1180; x_wconf 79' lang='lat' dir='ltr'><strong>immutabilia,</strong></span> <span class='ocrx_word' id='word_1_100' title='bbox 655 1142 738 1168; x_wconf 88' lang='lat' dir='ltr'><strong>non</strong></span> <span class='ocrx_word' id='word_1_101' title='bbox 770 1131 940 1182; x_wconf 91' lang='lat' dir='ltr'><strong>propter</strong></span> <span class='ocrx_word' id='word_1_102' title='bbox 960 1126 1231 1181; x_wconf 69' lang='lat' dir='ltr'><strong>parvitatem,</strong></span> <span class='ocrx_word' id='word_1_103' title='bbox 1265 1125 1337 1165; x_wconf 88' lang='lat' dir='ltr'><strong>sed</strong></span> <span class='ocrx_word' id='word_1_104' title='bbox 1369 1128 1541 1179; x_wconf 89' lang='lat' dir='ltr'><strong>propter</strong></span> <span class='ocrx_word' id='word_1_105' title='bbox 1569 1123 1707 1164; x_wconf 90' lang='lat' dir='ltr'><strong>solidi-</strong></span> 
     </span>
     <span class='ocr_line' id='line_1_14' title="bbox 91 1202 1707 1260; baseline -0.003 -14"><span class='ocrx_word' id='word_1_106' title='bbox 91 1209 221 1246; x_wconf 89' lang='lat' dir='ltr'><strong>tatem</strong></span> <span class='ocrx_word' id='word_1_107' title='bbox 264 1206 329 1246; x_wconf 91' lang='lat' dir='ltr'><strong>vel</strong></span> <span class='ocrx_word' id='word_1_108' title='bbox 361 1206 584 1259; x_wconf 77' lang='lat' dir='ltr'><strong>duritiam,</strong></span> <span class='ocrx_word' id='word_1_109' title='bbox 632 1206 674 1246; x_wconf 89' lang='lat' dir='ltr'><strong>id</strong></span> <span class='ocrx_word' id='word_1_110' title='bbox 707 1210 796 1258; x_wconf 78' lang='lat' dir='ltr'><strong>est,</strong></span> <span class='ocrx_word' id='word_1_111' title='bbox 843 1205 940 1260; x_wconf 90' lang='lat' dir='ltr'><strong>quia</strong></span> <span class='ocrx_word' id='word_1_112' title='bbox 971 1205 1085 1246; x_wconf 87' lang='lat' dir='ltr'><strong>inani</strong></span> <span class='ocrx_word' id='word_1_113' title='bbox 1117 1208 1272 1244; x_wconf 84' lang='lat' dir='ltr'><strong>carent.</strong></span> <span class='ocrx_word' id='word_1_114' title='bbox 1334 1203 1453 1244; x_wconf 85' lang='lat' dir='ltr'><strong>Idem</strong></span> <span class='ocrx_word' id='word_1_115' title='bbox 1486 1202 1707 1243; x_wconf 87' lang='lat' dir='ltr'><strong>Lucretius</strong></span> 
     </span>
     <span class='ocr_line' id='line_1_15' title="bbox 91 1280 1707 1339; baseline -0.002 -16"><span class='ocrx_word' id='word_1_116' title='bbox 91 1283 191 1324; x_wconf 85' lang='lat' dir='ltr'><strong>facit</strong></span> <span class='ocrx_word' id='word_1_117' title='bbox 222 1298 281 1324; x_wconf 84' lang='lat' dir='ltr'><strong>vs.</strong></span> <span class='ocrx_word' id='word_1_118' title='bbox 316 1286 426 1325; x_wconf 82' lang='lat'>533:</span> <span class='ocrx_word' id='word_1_119' title='bbox 473 1299 594 1337; x_wconf 75' lang='lat' dir='ltr'><strong>⁷‚nam</strong></span> <span class='ocrx_word' id='word_1_120' title='bbox 624 1298 761 1339; x_wconf 88' lang='lat' dir='ltr'><strong>neque</strong></span> <span class='ocrx_word' id='word_1_121' title='bbox 793 1283 946 1324; x_wconf 85' lang='lat' dir='ltr'><strong>conlidi</strong></span> <span class='ocrx_word' id='word_1_122' title='bbox 979 1283 1068 1323; x_wconf 84' lang='lat' dir='ltr'><strong>sine</strong></span> <span class='ocrx_word' id='word_1_123' title='bbox 1099 1282 1213 1323; x_wconf 89' lang='lat' dir='ltr'><strong>inani</strong></span> <span class='ocrx_word' id='word_1_124' title='bbox 1245 1296 1366 1336; x_wconf 87' lang='lat' dir='ltr'><strong>posse</strong></span> <span class='ocrx_word' id='word_1_125' title='bbox 1398 1281 1565 1321; x_wconf 88' lang='lat' dir='ltr'><strong>videtur</strong></span> <span class='ocrx_word' id='word_1_126' title='bbox 1595 1280 1707 1335; x_wconf 89' lang='lat' dir='ltr'><strong>quic—</strong></span> 
     </span>
     <span class='ocr_line' id='line_1_16' title="bbox 92 1360 1707 1417; baseline -0.002 -16"><span class='ocrx_word' id='word_1_127' title='bbox 92 1375 236 1417; x_wconf 82' lang='lat' dir='ltr'><strong>quam,</strong></span> <span class='ocrx_word' id='word_1_128' title='bbox 269 1376 345 1402; x_wconf 90' lang='lat' dir='ltr'><strong>nec</strong></span> <span class='ocrx_word' id='word_1_129' title='bbox 376 1362 512 1416; x_wconf 77' lang='lat' dir='ltr'><strong>frangi</strong></span> <span class='ocrx_word' id='word_1_130' title='bbox 543 1376 618 1403; x_wconf 90' lang='grc'><strong>1166</strong></span> <span class='ocrx_word' id='word_1_131' title='bbox 650 1362 751 1402; x_wconf 81' lang='lat' dir='ltr'><strong>findi</strong></span> <span class='ocrx_word' id='word_1_132' title='bbox 782 1362 825 1402; x_wconf 89' lang='lat' dir='ltr'><strong>in</strong></span> <span class='ocrx_word' id='word_1_133' title='bbox 856 1361 954 1401; x_wconf 90' lang='lat' dir='ltr'><strong>bina</strong></span> <span class='ocrx_word' id='word_1_134' title='bbox 985 1360 1192 1413; x_wconf 81' lang='lat' dir='ltr'><strong>secando,</strong></span> <span class='ocrx_word' id='word_1_135' title='bbox 1225 1374 1305 1400; x_wconf 91' lang='grc'><strong>1166</strong></span> <span class='ocrx_word' id='word_1_136' title='bbox 1337 1372 1486 1414; x_wconf 88' lang='lat' dir='ltr'><strong>capere</strong></span> <span class='ocrx_word' id='word_1_137' title='bbox 1518 1371 1707 1398; x_wconf 87' lang='lat' dir='ltr'><strong>umorem</strong></span> 
     </span>
     <span class='ocr_line' id='line_1_17' title="bbox 93 1435 1709 1493; baseline -0.002 -15"><span class='ocrx_word' id='word_1_138' title='bbox 93 1452 229 1493; x_wconf 90' lang='lat' dir='ltr'><strong>neque</strong></span> <span class='ocrx_word' id='word_1_139' title='bbox 275 1440 376 1479; x_wconf 88' lang='lat' dir='ltr'><strong>item</strong></span> <span class='ocrx_word' id='word_1_140' title='bbox 423 1439 632 1480; x_wconf 85' lang='lat' dir='ltr'><strong>manabile</strong></span> <span class='ocrx_word' id='word_1_141' title='bbox 678 1439 810 1493; x_wconf 81' lang='lat' dir='ltr'><strong>frigus</strong></span> <span class='ocrx_word' id='word_1_142' title='bbox 856 1453 933 1479; x_wconf 88' lang='grc'><strong>1166</strong></span> <span class='ocrx_word' id='word_1_143' title='bbox 965 1438 1225 1493; x_wconf 86' lang='lat' dir='ltr'><strong>penetralem</strong></span> <span class='ocrx_word' id='word_1_144' title='bbox 1256 1436 1438 1491; x_wconf 79' lang='lat' dir='ltr'><strong>ignem.&#39;&#39;</strong></span> <span class='ocrx_word' id='word_1_145' title='bbox 1502 1435 1709 1476; x_wconf 84' lang='lat' dir='ltr'><strong>Absoluta</strong></span> 
     </span>
     <span class='ocr_line' id='line_1_18' title="bbox 91 1514 1709 1572; baseline -0.002 -16"><span class='ocrx_word' id='word_1_146' title='bbox 91 1517 276 1558; x_wconf 85' lang='lat' dir='ltr'><strong>soliditas</strong></span> <span class='ocrx_word' id='word_1_147' title='bbox 308 1518 437 1572; x_wconf 83' lang='lat' dir='ltr'><strong>igitur</strong></span> <span class='ocrx_word' id='word_1_148' title='bbox 468 1518 602 1572; x_wconf 87' lang='lat' dir='ltr'><strong>prima</strong></span> <span class='ocrx_word' id='word_1_149' title='bbox 633 1522 695 1558; x_wconf 90' lang='lat' dir='ltr'><strong>est</strong></span> <span class='ocrx_word' id='word_1_150' title='bbox 726 1517 1048 1572; x_wconf 80' lang='lat' dir='ltr'><strong>primordiorum</strong></span> <span class='ocrx_word' id='word_1_151' title='bbox 1089 1516 1290 1572; x_wconf 79' lang='lat' dir='ltr'><strong>qualitaS‚</strong></span> <span class='ocrx_word' id='word_1_152' title='bbox 1335 1529 1466 1570; x_wconf 80' lang='lat' dir='ltr'><strong>quae,</strong></span> <span class='ocrx_word' id='word_1_153' title='bbox 1500 1528 1594 1554; x_wconf 90' lang='lat' dir='ltr'><strong>cum</strong></span> <span class='ocrx_word' id='word_1_154' title='bbox 1627 1514 1709 1553; x_wconf 88' lang='lat' dir='ltr'><strong>sint</strong></span> 
     </span>
     <span class='ocr_line' id='line_1_19' title="bbox 92 1594 1710 1649; baseline -0.002 -15"><span class='ocrx_word' id='word_1_155' title='bbox 92 1594 330 1648; x_wconf 83' lang='lat' dir='ltr'><strong>individua,</strong></span> <span class='ocrx_word' id='word_1_156' title='bbox 378 1599 475 1635; x_wconf 84' lang='lat' dir='ltr'><strong>sunt</strong></span> <span class='ocrx_word' id='word_1_157' title='bbox 506 1599 548 1636; x_wconf 93' lang='lat' dir='ltr'><strong>et</strong></span> <span class='ocrx_word' id='word_1_158' title='bbox 579 1595 753 1636; x_wconf 88' lang='lat' dir='ltr'><strong>minima</strong></span> <span class='ocrx_word' id='word_1_159' title='bbox 770 1595 815 1649; x_wconf 71' lang='grc'><strong>5).</strong></span> <span class='ocrx_word' id='word_1_160' title='bbox 877 1596 1106 1635; x_wconf 86' lang='lat' dir='ltr'><strong>Praeterea</strong></span> <span class='ocrx_word' id='word_1_161' title='bbox 1136 1594 1215 1634; x_wconf 89' lang='lat' dir='ltr'><strong>nisi</strong></span> <span class='ocrx_word' id='word_1_162' title='bbox 1247 1594 1421 1634; x_wconf 88' lang='lat' dir='ltr'><strong>minima</strong></span> <span class='ocrx_word' id='word_1_163' title='bbox 1453 1596 1591 1633; x_wconf 85' lang='lat' dir='ltr'><strong>essent</strong></span> <span class='ocrx_word' id='word_1_164' title='bbox 1624 1606 1710 1631; x_wconf 87' lang='lat' dir='ltr'><strong>cor-</strong></span> 
     </span>
     <span class='ocr_line' id='line_1_20' title="bbox 93 1670 1710 1728; baseline -0.002 -16"><span class='ocrx_word' id='word_1_165' title='bbox 93 1687 221 1727; x_wconf 80' lang='lat' dir='ltr'><strong>pora,</strong></span> <span class='ocrx_word' id='word_1_166' title='bbox 263 1673 296 1713; x_wconf 88' lang='lat' dir='ltr'><strong>si</strong></span> <span class='ocrx_word' id='word_1_167' title='bbox 328 1673 455 1713; x_wconf 91' lang='lat' dir='ltr'><strong>atomi</strong></span> <span class='ocrx_word' id='word_1_168' title='bbox 486 1673 530 1714; x_wconf 93' lang='lat' dir='ltr'><strong>in</strong></span> <span class='ocrx_word' id='word_1_169' title='bbox 562 1688 656 1714; x_wconf 88' lang='lat' dir='ltr'><strong>suas</strong></span> <span class='ocrx_word' id='word_1_170' title='bbox 686 1688 828 1714; x_wconf 90' lang='lat' dir='ltr'><strong>rursus</strong></span> <span class='ocrx_word' id='word_1_171' title='bbox 861 1677 1001 1728; x_wconf 85' lang='lat' dir='ltr'><strong>partes</strong></span> <span class='ocrx_word' id='word_1_172' title='bbox 1033 1672 1202 1713; x_wconf 86' lang='lat' dir='ltr'><strong>dissolvi</strong></span> <span class='ocrx_word' id='word_1_173' title='bbox 1234 1676 1430 1727; x_wconf 86' lang='lat' dir='ltr'><strong>possent,</strong></span> <span class='ocrx_word' id='word_1_174' title='bbox 1474 1670 1613 1711; x_wconf 88' lang='lat' dir='ltr'><strong>omnia</strong></span> <span class='ocrx_word' id='word_1_175' title='bbox 1644 1683 1710 1710; x_wconf 87' lang='lat' dir='ltr'><strong>ae-</strong></span> 
     </span>
     <span class='ocr_line' id='line_1_21' title="bbox 94 1747 1708 1805; baseline -0.002 -15"><span class='ocrx_word' id='word_1_176' title='bbox 94 1749 232 1805; x_wconf 89' lang='lat' dir='ltr'><strong>qualia</strong></span> <span class='ocrx_word' id='word_1_177' title='bbox 263 1755 401 1791; x_wconf 84' lang='lat' dir='ltr'><strong>essent</strong></span> <span class='ocrx_word' id='word_1_178' title='bbox 432 1751 750 1805; x_wconf 70' lang='lat' dir='ltr'><strong>magnitudine⁷</strong></span> <span class='ocrx_word' id='word_1_179' title='bbox 782 1766 879 1791; x_wconf 90' lang='lat' dir='ltr'><strong>nam</strong></span> <span class='ocrx_word' id='word_1_180' title='bbox 910 1765 976 1792; x_wconf 85' lang='lat' dir='ltr'><strong>res</strong></span> <span class='ocrx_word' id='word_1_181' title='bbox 1007 1764 1161 1805; x_wconf 87' lang='lat' dir='ltr'><strong>parvae</strong></span> <span class='ocrx_word' id='word_1_182' title='bbox 1194 1753 1432 1790; x_wconf 85' lang='lat' dir='ltr'><strong>constarent</strong></span> <span class='ocrx_word' id='word_1_183' title='bbox 1463 1763 1517 1788; x_wconf 84' lang='lat' dir='ltr'><strong>ex</strong></span> <span class='ocrx_word' id='word_1_184' title='bbox 1543 1747 1708 1787; x_wconf 88' lang='lat' dir='ltr'><strong>infinito</strong></span> 
     </span>
    </p>
   </div>
   <div class='ocr_carea' id='block_1_3' title="bbox 94 1824 1708 1883">
    <p class='ocr_par' dir='ltr' id='par_1_4' title="bbox 94 1824 1708 1883">
     <span class='ocr_line' id='line_1_22' title="bbox 94 1824 1708 1883; baseline -0.002 -15"><span class='ocrx_word' id='word_1_185' title='bbox 94 1841 267 1868; x_wconf 89' lang='lat' dir='ltr'><strong>numero</strong></span> <span class='ocrx_word' id='word_1_186' title='bbox 299 1828 509 1883; x_wconf 80' lang='lat' dir='ltr'><strong>partium,</strong></span> <span class='ocrx_word' id='word_1_187' title='bbox 543 1828 616 1869; x_wconf 87' lang='lat' dir='ltr'><strong>sed</strong></span> <span class='ocrx_word' id='word_1_188' title='bbox 646 1842 713 1869; x_wconf 85' lang='lat' dir='ltr'><strong>res</strong></span> <span class='ocrx_word' id='word_1_189' title='bbox 744 1842 921 1883; x_wconf 84' lang='lat' dir='ltr'><strong>magnae</strong></span> <span class='ocrx_word' id='word_1_190' title='bbox 953 1842 1151 1883; x_wconf 82' lang='lat' dir='ltr'><strong>quoque⁷</strong></span> <span class='ocrx_word' id='word_1_191' title='bbox 1184 1827 1314 1882; x_wconf 81' lang='lat' dir='ltr'><strong>igitur</strong></span> <span class='ocrx_word' id='word_1_192' title='bbox 1352 1840 1473 1882; x_wconf 88' lang='lat' dir='ltr'><strong>pares</strong></span> <span class='ocrx_word' id='word_1_193' title='bbox 1509 1829 1650 1866; x_wconf 78' lang='lat' dir='ltr'><strong>essent</strong></span> <span class='ocrx_word' id='word_1_194' title='bbox 1663 1824 1708 1878; x_wconf 76' lang='grc' dir='ltr'><strong>ὓ).</strong></span> 
     </span>
    </p>
   </div>
   <div class='ocr_carea' id='block_1_4' title="bbox 100 1951 234 1954">
    <p class='ocr_par' dir='ltr' id='par_1_5' title="bbox 100 1951 234 1954">
     <span class='ocr_line' id='line_1_23' title="bbox 100 1951 234 1954; baseline 0 0"><span class='ocrx_word' id='word_1_195' title='bbox 100 1951 234 1954; x_wconf 95' lang='lat' dir='ltr'><strong> </strong></span> 
     </span>
    </p>
   </div>
   <div class='ocr_carea' id='block_1_5' title="bbox 94 2012 1711 2301">
    <p class='ocr_par' dir='ltr' id='par_1_6' title="bbox 94 2012 1711 2301">
     <span class='ocr_line' id='line_1_24' title="bbox 140 2012 1710 2056; baseline -0.002 -13"><span class='ocrx_word' id='word_1_196' title='bbox 140 2012 162 2052; x_wconf 83' lang='lat'><strong>¹)</strong></span> <span class='ocrx_word' id='word_1_197' title='bbox 212 2012 378 2044; x_wconf 86' lang='lat' dir='ltr'><strong>Steinhart</strong></span> <span class='ocrx_word' id='word_1_198' title='bbox 408 2013 443 2044; x_wconf 91' lang='lat' dir='ltr'><strong>in</strong></span> <span class='ocrx_word' id='word_1_199' title='bbox 465 2013 577 2045; x_wconf 86' lang='lat' dir='ltr'><strong>Ersch.</strong></span> <span class='ocrx_word' id='word_1_200' title='bbox 603 2017 635 2045; x_wconf 85' lang='lat' dir='ltr'><strong>et</strong></span> <span class='ocrx_word' id='word_1_201' title='bbox 659 2014 794 2045; x_wconf 85' lang='lat' dir='ltr'><strong>Gruber.</strong></span> <span class='ocrx_word' id='word_1_202' title='bbox 819 2014 955 2056; x_wconf 82' lang='lat' dir='ltr'><strong>Encycl.</strong></span> <span class='ocrx_word' id='word_1_203' title='bbox 980 2014 1040 2045; x_wconf 85' lang='lat' dir='ltr'><strong>sub</strong></span> <span class='ocrx_word' id='word_1_204' title='bbox 1066 2024 1142 2045; x_wconf 87' lang='lat' dir='ltr'><strong>voce</strong></span> <span class='ocrx_word' id='word_1_205' title='bbox 1165 2013 1345 2054; x_wconf 86' lang='lat' dir='ltr'><strong>Epicurus,</strong></span> <span class='ocrx_word' id='word_1_206' title='bbox 1370 2015 1467 2053; x_wconf 84' lang='lat' dir='ltr'><strong>negat</strong></span> <span class='ocrx_word' id='word_1_207' title='bbox 1490 2023 1537 2043; x_wconf 82' lang='lat' dir='ltr'><strong>vs.</strong></span> <span class='ocrx_word' id='word_1_208' title='bbox 1563 2012 1710 2042; x_wconf 85' lang='lat'>584-99</span> 
     </span>
     <span class='ocr_line' id='line_1_25' title="bbox 99 2072 1710 2118; baseline -0.001 -13"><span class='ocrx_word' id='word_1_209' title='bbox 99 2078 326 2116; x_wconf 81' lang='lat' dir='ltr'><strong>argumentum</strong></span> <span class='ocrx_word' id='word_1_210' title='bbox 350 2075 523 2115; x_wconf 82' lang='lat' dir='ltr'><strong>continere,</strong></span> <span class='ocrx_word' id='word_1_211' title='bbox 549 2078 634 2118; x_wconf 88' lang='lat' dir='ltr'><strong>quod</strong></span> <span class='ocrx_word' id='word_1_212' title='bbox 658 2088 802 2118; x_wconf 87' lang='lat' dir='ltr'><strong>unquam</strong></span> <span class='ocrx_word' id='word_1_213' title='bbox 827 2077 866 2108; x_wconf 85' lang='lat' dir='ltr'><strong>ab</strong></span> <span class='ocrx_word' id='word_1_214' title='bbox 890 2077 1032 2117; x_wconf 84' lang='lat' dir='ltr'><strong>Epicuro</strong></span> <span class='ocrx_word' id='word_1_215' title='bbox 1048 2077 1090 2108; x_wconf 89' lang='lat' dir='ltr'><strong>sit</strong></span> <span class='ocrx_word' id='word_1_216' title='bbox 1104 2076 1288 2117; x_wconf 81' lang='lat' dir='ltr'><strong>prolatum:</strong></span> <span class='ocrx_word' id='word_1_217' title='bbox 1314 2075 1371 2107; x_wconf 85' lang='lat' dir='ltr'><strong>illa</strong></span> <span class='ocrx_word' id='word_1_218' title='bbox 1394 2075 1543 2113; x_wconf 72' lang='lat' dir='ltr'><strong>„foedera</strong></span> <span class='ocrx_word' id='word_1_219' title='bbox 1558 2072 1710 2104; x_wconf 84' lang='lat' dir='ltr'><strong>naturai”</strong></span> 
     </span>
     <span class='ocr_line' id='line_1_26' title="bbox 94 2137 1711 2180; baseline -0.001 -12"><span class='ocrx_word' id='word_1_220' title='bbox 94 2137 202 2178; x_wconf 82' lang='lat' dir='ltr'><strong>potius</strong></span> <span class='ocrx_word' id='word_1_221' title='bbox 233 2137 312 2169; x_wconf 87' lang='lat' dir='ltr'><strong>dicit</strong></span> <span class='ocrx_word' id='word_1_222' title='bbox 333 2138 468 2178; x_wconf 85' lang='lat' dir='ltr'><strong>probare</strong></span> <span class='ocrx_word' id='word_1_223' title='bbox 499 2139 698 2171; x_wconf 86' lang='lat' dir='ltr'><strong>contrarium</strong></span> <span class='ocrx_word' id='word_1_224' title='bbox 721 2139 801 2177; x_wconf 83' lang='lat' dir='ltr'><strong>eius,</strong></span> <span class='ocrx_word' id='word_1_225' title='bbox 826 2140 911 2180; x_wconf 86' lang='lat' dir='ltr'><strong>quod</strong></span> <span class='ocrx_word' id='word_1_226' title='bbox 936 2139 1108 2171; x_wconf 88' lang='lat' dir='ltr'><strong>Lucretius</strong></span> <span class='ocrx_word' id='word_1_227' title='bbox 1132 2139 1221 2171; x_wconf 84' lang='lat' dir='ltr'><strong>velit.</strong></span> <span class='ocrx_word' id='word_1_228' title='bbox 1269 2139 1423 2170; x_wconf 83' lang='lat' dir='ltr'><strong>Attamen</strong></span> <span class='ocrx_word' id='word_1_229' title='bbox 1447 2137 1550 2169; x_wconf 81' lang='lat' dir='ltr'><strong>fateor</strong></span> <span class='ocrx_word' id='word_1_230' title='bbox 1572 2147 1622 2167; x_wconf 91' lang='lat' dir='ltr'><strong>me</strong></span> <span class='ocrx_word' id='word_1_231' title='bbox 1646 2146 1711 2167; x_wconf 87' lang='lat' dir='ltr'><strong>non</strong></span> 
     </span>
     <span class='ocr_line' id='line_1_27' title="bbox 95 2199 1709 2243; baseline -0.001 -13"><span class='ocrx_word' id='word_1_232' title='bbox 95 2199 213 2240; x_wconf 81' lang='lat' dir='ltr'><strong>videre,</strong></span> <span class='ocrx_word' id='word_1_233' title='bbox 237 2211 295 2232; x_wconf 88' lang='lat' dir='ltr'><strong>cur</strong></span> <span class='ocrx_word' id='word_1_234' title='bbox 317 2201 436 2232; x_wconf 81' lang='lat' dir='ltr'><strong>falsum</strong></span> <span class='ocrx_word' id='word_1_235' title='bbox 459 2201 501 2233; x_wconf 89' lang='lat' dir='ltr'><strong>sit</strong></span> <span class='ocrx_word' id='word_1_236' title='bbox 524 2202 576 2233; x_wconf 86' lang='lat' dir='ltr'><strong>vel</strong></span> <span class='ocrx_word' id='word_1_237' title='bbox 602 2202 716 2234; x_wconf 83' lang='lat' dir='ltr'><strong>Graeci</strong></span> <span class='ocrx_word' id='word_1_238' title='bbox 740 2202 925 2243; x_wconf 89' lang='lat' dir='ltr'><strong>philosophi</strong></span> <span class='ocrx_word' id='word_1_239' title='bbox 949 2202 1112 2234; x_wconf 86' lang='lat' dir='ltr'><strong>doctrinae</strong></span> <span class='ocrx_word' id='word_1_240' title='bbox 1135 2212 1320 2243; x_wconf 83' lang='lat' dir='ltr'><strong>repugnans</strong></span> <span class='ocrx_word' id='word_1_241' title='bbox 1345 2201 1551 2232; x_wconf 78' lang='lat' dir='ltr'><strong>censendum.</strong></span> <span class='ocrx_word' id='word_1_242' title='bbox 1599 2199 1648 2230; x_wconf 87' lang='lat' dir='ltr'><strong>Cf.</strong></span> <span class='ocrx_word' id='word_1_243' title='bbox 1669 2199 1709 2229; x_wconf 91' lang='lat' dir='ltr'><strong>D.</strong></span> 
     </span>
     <span class='ocr_line' id='line_1_28' title="bbox 96 2261 283 2301; baseline 0.005 -8"><span class='ocrx_word' id='word_1_244' title='bbox 96 2261 133 2293; x_wconf 93' lang='lat' dir='ltr'><strong>L.</strong></span> <span class='ocrx_word' id='word_1_245' title='bbox 158 2263 208 2301; x_wconf 91' lang='lat' dir='ltr'><strong>X,</strong></span> <span class='ocrx_word' id='word_1_246' title='bbox 233 2265 283 2294; x_wconf 85' lang='lat'><strong>43.</strong></span> 
     </span>
    </p>
   </div>
   <div class='ocr_carea' id='block_1_6' title="bbox 96 2324 1711 2431">
    <p class='ocr_par' dir='ltr' id='par_1_7' title="bbox 96 2324 1711 2431">
     <span class='ocr_line' id='line_1_29' title="bbox 138 2324 1711 2369; baseline 0 -13"><span class='ocrx_word' id='word_1_247' title='bbox 138 2324 164 2366; x_wconf 78' lang='lat'><strong>²)</strong></span> <span class='ocrx_word' id='word_1_248' title='bbox 211 2325 363 2358; x_wconf 85' lang='lat' dir='ltr'><strong>Videtur:</strong></span> <span class='ocrx_word' id='word_1_249' title='bbox 388 2337 463 2357; x_wconf 87' lang='lat' dir='ltr'><strong>nam</strong></span> <span class='ocrx_word' id='word_1_250' title='bbox 487 2327 629 2359; x_wconf 82' lang='lat' dir='ltr'><strong>dubitari</strong></span> <span class='ocrx_word' id='word_1_251' title='bbox 652 2331 773 2368; x_wconf 82' lang='lat' dir='ltr'><strong>potest,</strong></span> <span class='ocrx_word' id='word_1_252' title='bbox 798 2339 877 2359; x_wconf 89' lang='lat' dir='ltr'><strong>num</strong></span> <span class='ocrx_word' id='word_1_253' title='bbox 899 2328 952 2359; x_wconf 89' lang='lat' dir='ltr'><strong>hic</strong></span> <span class='ocrx_word' id='word_1_254' title='bbox 974 2329 1128 2369; x_wconf 87' lang='lat' dir='ltr'><strong>probetur</strong></span> <span class='ocrx_word' id='word_1_255' title='bbox 1150 2338 1220 2359; x_wconf 78' lang='lat' dir='ltr'><strong>esse</strong></span> <span class='ocrx_word' id='word_1_256' title='bbox 1243 2330 1365 2359; x_wconf 87' lang='lat' dir='ltr'><strong>atomos</strong></span> <span class='ocrx_word' id='word_1_257' title='bbox 1379 2351 1386 2365; x_wconf 86' lang='lat'><strong><em>,</em></strong></span> <span class='ocrx_word' id='word_1_258' title='bbox 1423 2337 1465 2357; x_wconf 87' lang='lat' dir='ltr'><strong>an</strong></span> <span class='ocrx_word' id='word_1_259' title='bbox 1488 2329 1611 2358; x_wconf 79' lang='lat' dir='ltr'><strong>atomos</strong></span> <span class='ocrx_word' id='word_1_260' title='bbox 1635 2324 1711 2357; x_wconf 82' lang='lat' dir='ltr'><strong>soli-</strong></span> 
     </span>
     <span class='ocr_line' id='line_1_30' title="bbox 96 2386 911 2431; baseline 0.005 -14"><span class='ocrx_word' id='word_1_261' title='bbox 96 2386 152 2418; x_wconf 85' lang='lat' dir='ltr'><strong>das</strong></span> <span class='ocrx_word' id='word_1_262' title='bbox 174 2397 243 2418; x_wconf 85' lang='lat' dir='ltr'><strong>esse</strong></span> <span class='ocrx_word' id='word_1_263' title='bbox 265 2391 298 2419; x_wconf 86' lang='lat' dir='ltr'><strong>et</strong></span> <span class='ocrx_word' id='word_1_264' title='bbox 319 2387 453 2419; x_wconf 85' lang='lat' dir='ltr'><strong>minima</strong></span> <span class='ocrx_word' id='word_1_265' title='bbox 476 2400 617 2430; x_wconf 85' lang='lat' dir='ltr'><strong>corpora.</strong></span> <span class='ocrx_word' id='word_1_266' title='bbox 663 2390 712 2421; x_wconf 85' lang='lat' dir='ltr'><strong>Cf.</strong></span> <span class='ocrx_word' id='word_1_267' title='bbox 739 2392 799 2421; x_wconf 89' lang='grc'><strong>609</strong></span> <span class='ocrx_word' id='word_1_268' title='bbox 823 2401 911 2431; x_wconf 85' lang='lat' dir='ltr'><strong>seqq.</strong></span> 
     </span>
    </p>
   </div>
   <div class='ocr_carea' id='block_1_7' title="bbox 96 2450 1713 2995">
    <p class='ocr_par' dir='ltr' id='par_1_8' title="bbox 139 2450 492 2490">
     <span class='ocr_line' id='line_1_31' title="bbox 139 2450 492 2490; baseline 0.006 -9"><span class='ocrx_word' id='word_1_269' title='bbox 139 2450 164 2490; x_wconf 79' lang='lat'><strong>³)</strong></span> <span class='ocrx_word' id='word_1_270' title='bbox 212 2450 254 2481; x_wconf 89' lang='lat' dir='ltr'><strong>D.</strong></span> <span class='ocrx_word' id='word_1_271' title='bbox 279 2450 316 2482; x_wconf 93' lang='lat' dir='ltr'><strong>L.</strong></span> <span class='ocrx_word' id='word_1_272' title='bbox 343 2451 392 2482; x_wconf 93' lang='lat' dir='ltr'><strong>IX</strong></span> <span class='ocrx_word' id='word_1_273' title='bbox 409 2476 416 2490; x_wconf 92' lang='lat'><strong>,</strong></span> <span class='ocrx_word' id='word_1_274' title='bbox 442 2455 492 2483; x_wconf 82' lang='lat'><strong>44.</strong></span> 
     </span>
    </p>

    <p class='ocr_par' dir='ltr' id='par_1_9' title="bbox 96 2512 1711 2684">
     <span class='ocr_line' id='line_1_32' title="bbox 139 2512 1711 2557; baseline 0.001 -14"><span class='ocrx_word' id='word_1_275' title='bbox 139 2512 165 2552; x_wconf 79' lang='lat'><strong>4)</strong></span> <span class='ocrx_word' id='word_1_276' title='bbox 211 2512 294 2544; x_wconf 81' lang='lat' dir='ltr'><strong>Plat.</strong></span> <span class='ocrx_word' id='word_1_277' title='bbox 317 2513 399 2554; x_wconf 84' lang='lat' dir='ltr'><strong>plac.</strong></span> <span class='ocrx_word' id='word_1_278' title='bbox 423 2514 503 2555; x_wconf 82' lang='lat' dir='ltr'><strong>phil.</strong></span> <span class='ocrx_word' id='word_1_279' title='bbox 529 2515 565 2554; x_wconf 89' lang='lat' dir='ltr'><strong>I,</strong></span> <span class='ocrx_word' id='word_1_280' title='bbox 591 2518 608 2547; x_wconf 88' lang='lat'><strong>3</strong></span> <span class='ocrx_word' id='word_1_281' title='bbox 646 2518 699 2548; x_wconf 83' lang='grc' dir='ltr'><strong>καὶ</strong></span> <span class='ocrx_word' id='word_1_282' title='bbox 733 2519 861 2557; x_wconf 80' lang='grc' dir='ltr'>εἴρηται</span> <span class='ocrx_word' id='word_1_283' title='bbox 884 2517 1025 2557; x_wconf 77' lang='grc' dir='ltr'>ἄτομος,</span> <span class='ocrx_word' id='word_1_284' title='bbox 1062 2517 1126 2557; x_wconf 80' lang='grc' dir='ltr'><strong>οὐχ</strong></span> <span class='ocrx_word' id='word_1_285' title='bbox 1149 2517 1200 2548; x_wconf 81' lang='grc' dir='ltr'><strong>ὅτι</strong></span> <span class='ocrx_word' id='word_1_286' title='bbox 1224 2516 1316 2546; x_wconf 79' lang='grc' dir='ltr'>ἐστὶν</span> <span class='ocrx_word' id='word_1_287' title='bbox 1340 2515 1522 2555; x_wconf 79' lang='grc' dir='ltr'>ἐλαχίστη,</span> <span class='ocrx_word' id='word_1_288' title='bbox 1558 2512 1635 2545; x_wconf 81' lang='grc' dir='ltr'><strong>ἀλλ’</strong></span> <span class='ocrx_word' id='word_1_289' title='bbox 1659 2513 1711 2545; x_wconf 78' lang='grc' dir='ltr'><strong>ὅτι</strong></span> 
     </span>
     <span class='ocr_line' id='line_1_33' title="bbox 97 2575 1709 2619; baseline -0.001 -11"><span class='ocrx_word' id='word_1_290' title='bbox 97 2576 136 2608; x_wconf 83' lang='grc' dir='ltr'><strong>οὐ</strong></span> <span class='ocrx_word' id='word_1_291' title='bbox 161 2575 301 2608; x_wconf 79' lang='grc' dir='ltr'>δύναται</span> <span class='ocrx_word' id='word_1_292' title='bbox 325 2578 512 2617; x_wconf 66' lang='grc' dir='ltr'>τμηθῆναι,</span> <span class='ocrx_word' id='word_1_293' title='bbox 547 2580 685 2617; x_wconf 67' lang='grc' dir='ltr'>ἀπαθὴς</span> <span class='ocrx_word' id='word_1_294' title='bbox 709 2580 810 2617; x_wconf 77' lang='grc' dir='ltr'><strong>οὖσα,</strong></span> <span class='ocrx_word' id='word_1_295' title='bbox 847 2581 901 2611; x_wconf 81' lang='grc' dir='ltr'><strong>καὶ</strong></span> <span class='ocrx_word' id='word_1_296' title='bbox 932 2580 1095 2619; x_wconf 68' lang='grc' dir='ltr'>ἀμέτοχος</span> <span class='ocrx_word' id='word_1_297' title='bbox 1124 2580 1238 2610; x_wconf 71' lang='grc' dir='ltr'>κενοῦ·</span> <span class='ocrx_word' id='word_1_298' title='bbox 1273 2578 1355 2609; x_wconf 77' lang='grc' dir='ltr'>ὥστε</span> <span class='ocrx_word' id='word_1_299' title='bbox 1381 2577 1438 2608; x_wconf 79' lang='grc' dir='ltr'><strong>ἐὰν</strong></span> <span class='ocrx_word' id='word_1_300' title='bbox 1463 2578 1540 2618; x_wconf 68' lang='grc' dir='ltr'><strong>εἶτε-7,]</strong></span> <span class='ocrx_word' id='word_1_301' title='bbox 1563 2577 1709 2617; x_wconf 78' lang='grc' dir='ltr'>ἄτομον,</span> 
     </span>
     <span class='ocr_line' id='line_1_34' title="bbox 96 2639 1066 2684; baseline 0.004 -15"><span class='ocrx_word' id='word_1_302' title='bbox 96 2639 292 2678; x_wconf 65' lang='grc' dir='ltr'>ἄθραυστον</span> <span class='ocrx_word' id='word_1_303' title='bbox 315 2639 420 2680; x_wconf 79' lang='grc' dir='ltr'>λέγει,</span> <span class='ocrx_word' id='word_1_304' title='bbox 445 2642 501 2672; x_wconf 81' lang='grc' dir='ltr'><strong>καὶ</strong></span> <span class='ocrx_word' id='word_1_305' title='bbox 524 2642 642 2680; x_wconf 65' lang='grc' dir='ltr'>ἀπαθῆ</span> <span class='ocrx_word' id='word_1_306' title='bbox 658 2667 664 2679; x_wconf 79' lang='grc'><strong>,</strong></span> <span class='ocrx_word' id='word_1_307' title='bbox 691 2643 744 2674; x_wconf 74' lang='grc' dir='ltr'><strong>καὶ</strong></span> <span class='ocrx_word' id='word_1_308' title='bbox 770 2643 937 2684; x_wconf 69' lang='grc' dir='ltr'>ἀμέτοχον</span> <span class='ocrx_word' id='word_1_309' title='bbox 960 2643 1066 2674; x_wconf 81' lang='grc' dir='ltr'><strong>κενοῦ.</strong></span> 
     </span>
    </p>

    <p class='ocr_par' dir='ltr' id='par_1_10' title="bbox 97 2700 1710 2804">
     <span class='ocr_line' id='line_1_35' title="bbox 140 2700 1710 2745; baseline 0 -14"><span class='ocrx_word' id='word_1_310' title='bbox 140 2700 164 2740; x_wconf 73' lang='lat'><strong>⁵)</strong></span> <span class='ocrx_word' id='word_1_311' title='bbox 212 2700 324 2732; x_wconf 83' lang='lat' dir='ltr'><strong>Minus</strong></span> <span class='ocrx_word' id='word_1_312' title='bbox 347 2705 432 2733; x_wconf 86' lang='lat' dir='ltr'><strong>recte</strong></span> <span class='ocrx_word' id='word_1_313' title='bbox 455 2702 626 2734; x_wconf 86' lang='lat' dir='ltr'><strong>Lucretius</strong></span> <span class='ocrx_word' id='word_1_314' title='bbox 651 2703 668 2735; x_wconf 94' lang='lat' dir='ltr'>I</span> <span class='ocrx_word' id='word_1_315' title='bbox 682 2728 689 2741; x_wconf 90' lang='lat'><strong>‚</strong></span> <span class='ocrx_word' id='word_1_316' title='bbox 716 2705 776 2735; x_wconf 82' lang='grc'><strong>626</strong></span> <span class='ocrx_word' id='word_1_317' title='bbox 791 2728 798 2742; x_wconf 94' lang='grc'><strong>,</strong></span> <span class='ocrx_word' id='word_1_318' title='bbox 832 2705 870 2737; x_wconf 85' lang='grc'><strong>27</strong></span> <span class='ocrx_word' id='word_1_319' title='bbox 907 2703 1058 2745; x_wconf 89' lang='lat' dir='ltr'><strong>quoniam</strong></span> <span class='ocrx_word' id='word_1_320' title='bbox 1082 2702 1217 2734; x_wconf 87' lang='lat' dir='ltr'><strong>minima</strong></span> <span class='ocrx_word' id='word_1_321' title='bbox 1241 2702 1306 2733; x_wconf 89' lang='lat' dir='ltr'><strong>sint</strong></span> <span class='ocrx_word' id='word_1_322' title='bbox 1328 2701 1501 2742; x_wconf 85' lang='lat' dir='ltr'><strong>primordia</strong></span> <span class='ocrx_word' id='word_1_323' title='bbox 1523 2711 1560 2732; x_wconf 84' lang='lat' dir='ltr'><strong>ea</strong></span> <span class='ocrx_word' id='word_1_324' title='bbox 1583 2710 1710 2742; x_wconf 80' lang='lat' dir='ltr'><strong>quoque</strong></span> 
     </span>
     <span class='ocr_line' id='line_1_36' title="bbox 97 2761 674 2804; baseline 0.005 -11"><span class='ocrx_word' id='word_1_325' title='bbox 97 2771 166 2793; x_wconf 74' lang='lat' dir='ltr'><strong>esse</strong></span> <span class='ocrx_word' id='word_1_326' title='bbox 188 2761 291 2794; x_wconf 83' lang='lat' dir='ltr'><strong>solida</strong></span> <span class='ocrx_word' id='word_1_327' title='bbox 314 2766 411 2804; x_wconf 82' lang='lat' dir='ltr'><strong>atque</strong></span> <span class='ocrx_word' id='word_1_328' title='bbox 434 2767 564 2796; x_wconf 81' lang='lat' dir='ltr'><strong>aeterna</strong></span> <span class='ocrx_word' id='word_1_329' title='bbox 586 2765 674 2796; x_wconf 87' lang='lat' dir='ltr'><strong>dicit.</strong></span> 
     </span>
    </p>

    <p class='ocr_par' dir='ltr' id='par_1_11' title="bbox 99 2825 1713 2995">
     <span class='ocr_line' id='line_1_37' title="bbox 141 2825 1710 2868; baseline 0 -12"><span class='ocrx_word' id='word_1_330' title='bbox 141 2826 166 2866; x_wconf 70' lang='lat'><strong>⁶)</strong></span> <span class='ocrx_word' id='word_1_331' title='bbox 218 2825 267 2857; x_wconf 84' lang='lat' dir='ltr'><strong>Cf.</strong></span> <span class='ocrx_word' id='word_1_332' title='bbox 285 2825 425 2858; x_wconf 84' lang='lat' dir='ltr'><strong>Newton</strong></span> <span class='ocrx_word' id='word_1_333' title='bbox 448 2828 534 2867; x_wconf 87' lang='lat' dir='ltr'><strong>apud</strong></span> <span class='ocrx_word' id='word_1_334' title='bbox 556 2827 733 2859; x_wconf 89' lang='lat' dir='ltr'><strong>Munroum</strong></span> <span class='ocrx_word' id='word_1_335' title='bbox 756 2829 796 2859; x_wconf 84' lang='lat' dir='ltr'><strong>ad</strong></span> <span class='ocrx_word' id='word_1_336' title='bbox 819 2839 865 2860; x_wconf 87' lang='lat' dir='ltr'><strong>vs.</strong></span> <span class='ocrx_word' id='word_1_337' title='bbox 893 2831 953 2860; x_wconf 80' lang='lat'><strong>622</strong></span> <span class='ocrx_word' id='word_1_338' title='bbox 978 2830 1016 2860; x_wconf 90' lang='lat' dir='ltr'><strong>de</strong></span> <span class='ocrx_word' id='word_1_339' title='bbox 1040 2828 1168 2860; x_wconf 84' lang='lat' dir='ltr'><strong>fallacie</strong></span> <span class='ocrx_word' id='word_1_340' title='bbox 1193 2828 1226 2859; x_wconf 87' lang='lat' dir='ltr'><strong>in</strong></span> <span class='ocrx_word' id='word_1_341' title='bbox 1249 2828 1309 2859; x_wconf 88' lang='lat' dir='ltr'><strong>hoc</strong></span> <span class='ocrx_word' id='word_1_342' title='bbox 1333 2830 1542 2868; x_wconf 83' lang='lat' dir='ltr'><strong>argumento3</strong></span> <span class='ocrx_word' id='word_1_343' title='bbox 1568 2827 1663 2857; x_wconf 85' lang='lat' dir='ltr'><strong>Lucr.</strong></span> <span class='ocrx_word' id='word_1_344' title='bbox 1683 2826 1710 2864; x_wconf 85' lang='lat'><strong>1,</strong></span> 
     </span>
     <span class='ocr_line' id='line_1_38' title="bbox 99 2887 1712 2932; baseline -0.001 -11"><span class='ocrx_word' id='word_1_345' title='bbox 99 2892 159 2921; x_wconf 90' lang='lat'><strong>615</strong></span> <span class='ocrx_word' id='word_1_346' title='bbox 183 2900 270 2931; x_wconf 84' lang='lat' dir='ltr'><strong>seqq.</strong></span> <span class='ocrx_word' id='word_1_347' title='bbox 295 2890 337 2921; x_wconf 90' lang='lat' dir='ltr'><strong>D.</strong></span> <span class='ocrx_word' id='word_1_348' title='bbox 355 2889 392 2921; x_wconf 93' lang='lat' dir='ltr'><strong>L.</strong></span> <span class='ocrx_word' id='word_1_349' title='bbox 411 2889 459 2928; x_wconf 87' lang='lat' dir='ltr'><strong>X,</strong></span> <span class='ocrx_word' id='word_1_350' title='bbox 484 2891 544 2928; x_wconf 84' lang='lat'><strong>43,</strong></span> <span class='ocrx_word' id='word_1_351' title='bbox 568 2889 700 2921; x_wconf 83' lang='lat' dir='ltr'><strong>uberius</strong></span> <span class='ocrx_word' id='word_1_352' title='bbox 723 2893 832 2922; x_wconf 85' lang='lat' dir='ltr'><strong>autem</strong></span> <span class='ocrx_word' id='word_1_353' title='bbox 856 2893 895 2922; x_wconf 83' lang='lat'><strong>56</strong></span> <span class='ocrx_word' id='word_1_354' title='bbox 919 2895 950 2923; x_wconf 81' lang='lat' dir='ltr'><strong>et</strong></span> <span class='ocrx_word' id='word_1_355' title='bbox 967 2894 1027 2924; x_wconf 88' lang='lat'><strong>57:</strong></span> <span class='ocrx_word' id='word_1_356' title='bbox 1062 2893 1147 2932; x_wconf 85' lang='grc' dir='ltr'>πρὸς</span> <span class='ocrx_word' id='word_1_357' title='bbox 1172 2891 1202 2922; x_wconf 79' lang='grc' dir='ltr'><strong>δὲ</strong></span> <span class='ocrx_word' id='word_1_358' title='bbox 1227 2890 1360 2926; x_wconf 69' lang='grc' dir='ltr'>τούτοις</span> <span class='ocrx_word' id='word_1_359' title='bbox 1383 2890 1422 2922; x_wconf 84' lang='grc' dir='ltr'><strong>οὑ</strong></span> <span class='ocrx_word' id='word_1_360' title='bbox 1446 2890 1491 2922; x_wconf 81' lang='grc' dir='ltr'><strong>δεῖ</strong></span> <span class='ocrx_word' id='word_1_361' title='bbox 1514 2887 1660 2929; x_wconf 79' lang='grc' dir='ltr'>νομίζειν</span> <span class='ocrx_word' id='word_1_362' title='bbox 1677 2889 1712 2920; x_wconf 75' lang='grc' dir='ltr'><strong>ἐν</strong></span> 
     </span>
     <span class='ocr_line' id='line_1_39' title="bbox 99 2943 1713 2995; baseline 0.001 -12"><span class='ocrx_word' id='word_1_363' title='bbox 99 2954 147 2994; x_wconf 78' lang='grc' dir='ltr'><strong>τῷ</strong></span> <span class='ocrx_word' id='word_1_364' title='bbox 174 2954 341 2994; x_wconf 80' lang='grc' dir='ltr'>ὡρισμένῳ</span> <span class='ocrx_word' id='word_1_365' title='bbox 375 2954 500 2992; x_wconf 87' lang='grc' dir='ltr'>σώματι</span> <span class='ocrx_word' id='word_1_366' title='bbox 523 2943 682 2993; x_wconf 78' lang='grc' dir='ltr'>ἀπείρους</span> <span class='ocrx_word' id='word_1_367' title='bbox 711 2954 830 2995; x_wconf 79' lang='grc' dir='ltr'><em>ὄγκους</em></span> <span class='ocrx_word' id='word_1_368' title='bbox 855 2956 936 2985; x_wconf 83' lang='grc' dir='ltr'>εἶναι</span> <span class='ocrx_word' id='word_1_369' title='bbox 960 2954 1028 2986; x_wconf 78' lang='grc' dir='ltr'>οὐδ’</span> <span class='ocrx_word' id='word_1_370' title='bbox 1056 2955 1305 2992; x_wconf 72' lang='grc' dir='ltr'>ὁπηλικουσοῦν</span> <span class='ocrx_word' id='word_1_371' title='bbox 1330 2964 1336 2971; x_wconf 91' lang='grc'><em>·</em></span> <span class='ocrx_word' id='word_1_372' title='bbox 1359 2953 1435 2984; x_wconf 76' lang='grc' dir='ltr'><strong>ὥστ’</strong></span> <span class='ocrx_word' id='word_1_373' title='bbox 1460 2953 1498 2984; x_wconf 84' lang='grc' dir='ltr'><strong>οὐ</strong></span> <span class='ocrx_word' id='word_1_374' title='bbox 1523 2955 1626 2994; x_wconf 86' lang='grc' dir='ltr'>μόνον</span> <span class='ocrx_word' id='word_1_375' title='bbox 1650 2953 1713 2990; x_wconf 82' lang='grc' dir='ltr'><strong>τὴν</strong></span> 
     </span>
    </p>
   </div>
   <div class='ocr_carea' id='block_1_8' title="bbox 100 3015 1714 3059">
    <p class='ocr_par' dir='ltr' id='par_1_12' title="bbox 100 3015 1714 3059">
     <span class='ocr_line' id='line_1_40' title="bbox 100 3015 1714 3059; baseline -0.001 -12"><span class='ocrx_word' id='word_1_376' title='bbox 100 3015 144 3053; x_wconf 69' lang='grc' dir='ltr'><strong>εἰς</strong></span> <span class='ocrx_word' id='word_1_377' title='bbox 166 3017 307 3057; x_wconf 80' lang='grc' dir='ltr'>ἄπειρον</span> <span class='ocrx_word' id='word_1_378' title='bbox 331 3017 435 3057; x_wconf 82' lang='grc' dir='ltr'>τομὴν</span> <span class='ocrx_word' id='word_1_379' title='bbox 458 3016 513 3048; x_wconf 81' lang='grc' dir='ltr'><strong>ἐπὶ</strong></span> <span class='ocrx_word' id='word_1_380' title='bbox 537 3017 727 3048; x_wconf 77' lang='grc' dir='ltr'>τοῦλαττον</span> <span class='ocrx_word' id='word_1_381' title='bbox 751 3016 944 3057; x_wconf 77' lang='grc' dir='ltr'>ἀναιρετέον</span> <span class='ocrx_word' id='word_1_382' title='bbox 960 3040 966 3046; x_wconf 96' lang='grc'><strong>.</strong></span> <span class='ocrx_word' id='word_1_383' title='bbox 987 3041 993 3049; x_wconf 93' lang='grc'><em>.</em></span> <span class='ocrx_word' id='word_1_384' title='bbox 1012 3043 1016 3046; x_wconf 92' lang='grc'><strong>.</strong></span> <span class='ocrx_word' id='word_1_385' title='bbox 1032 3042 1036 3048; x_wconf 98' lang='grc'><strong>.</strong></span> <span class='ocrx_word' id='word_1_386' title='bbox 1055 3042 1062 3049; x_wconf 93' lang='grc'><strong>.</strong></span> <span class='ocrx_word' id='word_1_387' title='bbox 1088 3016 1161 3048; x_wconf 74' lang='grc' dir='ltr'><strong>οὐδὲ</strong></span> <span class='ocrx_word' id='word_1_388' title='bbox 1186 3018 1248 3059; x_wconf 57' lang='grc' dir='ltr'><strong>γὰρ</strong></span> <span class='ocrx_word' id='word_1_389' title='bbox 1272 3017 1374 3054; x_wconf 73' lang='grc' dir='ltr'><strong>ὅλως,</strong></span> <span class='ocrx_word' id='word_1_390' title='bbox 1401 3015 1534 3047; x_wconf 74' lang='grc' dir='ltr'>ἐπειδὰν</span> <span class='ocrx_word' id='word_1_391' title='bbox 1557 3016 1646 3050; x_wconf 78' lang='grc' dir='ltr'>ἅπαξ</span> <span class='ocrx_word' id='word_1_392' title='bbox 1665 3027 1714 3053; x_wconf 83' lang='grc' dir='ltr'><strong>τις</strong></span> 
     </span>
    </p>
   </div>
  </div>
 </body>
</html>
