1894 3235
895 148 975 188 164

126 282 328 338 credunt,
373 283 509 338 ignari
550 281 650 338 quid
695 286 821 337 queat
867 295 981 335 esse,
1027 282 1128 338 quid
1158 287 1362 338 nequeat,
1403 282 1522 324 finita
1551 286 1735 338 potestas

127 361 307 418 denique
353 361 503 417 cuique
534 374 715 416 quanam
746 360 800 400 sit
830 360 992 402 ratione
1023 364 1150 416 atque
1181 361 1264 402 alte
1296 360 1500 402 terminus
1529 359 1735 402 haerens:

125 453 207 495 quo
255 439 390 494 magis
439 441 626 480 errantes
676 451 800 479 caeca
848 438 1009 479 ratione
1059 438 1277 479 feruntur''
1300 438 1341 491 ¹).
1401 438 1618 480 Adversus
1661 438 1738 480 hos

126 517 434 573 omnipotentes
475 516 601 569 deos,
657 515 758 572 quid
802 515 916 557 valet
957 515 1104 558 debilis
1148 516 1295 570 homo,
1350 517 1598 572 praesertim
1643 530 1738 568 cum

129 595 206 648 „ob
252 594 478 636 admissum
522 593 642 634 foede
691 593 902 634 dictumve
946 593 1124 648 superbe
1156 608 1386 649 poenarum
1417 607 1545 648 grave
1576 593 1629 635 sit
1660 593 1738 635 sol-

125 671 251 713 vendi
296 672 490 727 tempus”
512 670 545 725 2)
578 670 944 726 exspectandum?
1005 671 1073 712 Sic
1104 671 1258 727 ubique
1291 685 1333 713 se
1365 686 1389 713 a
1421 671 1498 712 diis
1529 670 1739 712 daemoni-

126 750 307 805 busque,
339 749 410 805 qui
441 752 572 790 totam
603 749 733 790 vitam
763 752 914 803 regant
947 748 1168 804 omniaque
1201 749 1310 790 facta
1331 753 1532 803 noscant,
1565 749 1740 790 circum-

127 827 244 868 datos
290 827 465 868 credunt
511 826 716 868 homines.
782 826 952 882 „Usque
995 826 1100 868 adeo
1140 840 1207 867 res
1247 826 1451 868 humanas
1493 827 1556 867 vis
1599 825 1741 867 abdita

125 904 331 961 quaedam
363 904 545 960 opterit,
589 908 630 945 et
661 903 858 960 pulchros
888 904 1010 946 fascis
1043 918 1271 960 saevasque
1303 918 1468 946 secures
1498 904 1739 960 proculcare

125 997 172 1024 ac
204 982 384 1024 ludibrio
417 982 494 1023 sibi
525 981 681 1023 habere
713 981 971 1036 videtu1·'’³).
1032 982 1180 1038 Neque
1212 981 1315 1023 haec
1347 982 1458 1023 satis.
1502 982 1546 1024 Si
1576 986 1740 1023 tantum

127 1073 294 1116 sperare
340 1073 483 1115 posses
529 1063 571 1100 te
617 1063 712 1115 post
756 1063 934 1100 mortem
981 1063 1152 1100 aeterna
1197 1059 1336 1114 quiete
1368 1058 1590 1100 fruiturum
1622 1073 1739 1113 esse,

125 1137 376 1193 tranquillus
422 1150 555 1191 esses,
603 1151 698 1178 cum
745 1150 910 1191 semper
956 1136 1032 1177 tibi
1063 1140 1247 1191 potestas
1278 1141 1415 1190 esset,
1455 1141 1633 1178 mortem
1664 1137 1741 1178 tibi

126 1214 444 1267 consciscendo,
492 1228 514 1255 e
563 1213 736 1255 deorum
778 1214 817 1254 vi
855 1218 897 1255 et
943 1218 1151 1270 potestate
1184 1218 1224 1255 tc
1257 1214 1473 1270 eripiendi.
1536 1214 1618 1256 Sed
1648 1218 1742 1271 post

123 1295 304 1332 mortem
350 1305 509 1347 poenas
550 1291 640 1332 lues
672 1305 839 1345 eorum,
886 1304 992 1347 quae
1023 1291 1144 1332 vivus
1176 1295 1319 1333 contra
1349 1291 1521 1333 deorum
1551 1292 1741 1333 volunta-

127 1373 213 1410 tem
254 1369 416 1410 feceris.
482 1369 551 1422 „Si
595 1373 750 1411 certam
782 1369 908 1411 finem
939 1383 1029 1411 esse
1060 1369 1253 1410 viderent
1284 1383 1578 1410 aerumnarum
1608 1369 1740 1411 homi-

128 1460 231 1500 nes,
279 1447 419 1503 aliqua
465 1447 626 1488 ratione
671 1447 860 1488 valerent
906 1447 1178 1501 religionibus
1224 1451 1348 1503 atque
1385 1447 1509 1488 minis
1539 1447 1740 1489 obsistere

127 1528 299 1565 vatum:
346 1538 456 1565 nunc
498 1524 604 1565 ratio
651 1525 765 1565 nulla
807 1528 870 1565 cst
901 1523 1113 1577 restandi,
1156 1524 1272 1565 nulla
1302 1524 1502 1575 facultas,
1549 1528 1741 1566 aeternas

128 1601 324 1656 quoniam
369 1615 527 1656 poenas
573 1601 616 1641 in
646 1605 780 1642 morte
813 1601 1112 1641 timendumst’'
1138 1600 1180 1654 4).
1241 1601 1389 1657 Itaque
1420 1601 1567 1655 religio
1598 1601 1741 1642 miser-

127 1679 252 1720 rimos
297 1679 488 1720 homines
528 1679 757 1720 reddebat:
809 1679 1017 1731 „humana
1062 1683 1158 1719 ante
1208 1679 1346 1720 oculos
1376 1679 1496 1720 foede
1530 1693 1623 1719 cum
1654 1679 1741 1720 vita

127 1756 284 1797 iaceret
315 1756 359 1796 in
389 1756 511 1797 terris
543 1770 740 1811 oppressa
771 1757 888 1810 gravi
923 1757 998 1797 sub
1029 1757 1255 1811 religione,
1288 1770 1393 1812 quae
1426 1760 1551 1812 caput
1582 1771 1606 1798 a
1636 1757 1741 1798 caeli

127 1834 369 1889 regionibus
401 1834 646 1875 ostendebat
666 1834 857 1875 horribili
880 1849 1004 1890 super
1025 1839 1197 1890 aspectu
1219 1835 1462 1876 mortalibus
1483 1835 1668 1877 instans”
1687 1835 1739 1890 5),

126 1912 242 1953 nulla
272 1927 380 1968 pax,
411 1913 527 1954 nulla
555 1913 749 1968 voluptas
780 1913 1030 1954 mortalibus
1062 1927 1245 1969 unquam
1268 1913 1388 1954 datae
1412 1917 1542 1954 erant.
1588 1913 1740 1955 Paucis

126 1989 239 2031 idem
285 1990 477 2031 Velleius
524 2004 578 2031 ex
624 1990 796 2046 Epicuri
837 1995 977 2032 mente
1011 1991 1110 2031 dicit
1142 1990 1252 2046 apud
1285 1991 1550 2032 Ciceronem:
1588 1991 1742 2047 „impo-

128 2068 269 2109 suistis
300 2069 343 2109 in
375 2068 608 2109 cervicibus
639 2069 790 2109 nostris
822 2069 1123 2124 sempiternum
1156 2068 1397 2122 dominum,
1429 2083 1553 2124 quem
1587 2068 1674 2110 dies
1701 2073 1743 2110 et

126 2151 270 2188 noctes
316 2147 574 2188 timeremus.
636 2147 738 2195 Quis
785 2147 897 2188 enim
943 2161 1026 2188 non
1072 2148 1218 2188 timeat
1256 2147 1395 2189 omnia
1425 2147 1740 2203 providentem,

129 2227 170 2264 et
211 2224 495 2278 cogitantem,
543 2228 585 2265 et
630 2224 1064 2277 animadvertentem,
1113 2228 1155 2265 et
1196 2225 1333 2265 onmia
1373 2224 1426 2265 ad
1456 2238 1499 2265 se
1529 2225 1741 2280 pertinere

127 2304 376 2356 putantem,
410 2301 618 2341 curiosum
651 2305 693 2342 et
724 2301 896 2356 plenum
928 2301 1087 2355 negotii
1119 2301 1255 2342 Deum
1273 2301 1317 2341 &³⁷
1337 2301 1381 2354 ⁰).

185 2376 298 2431 Ergo
330 2377 364 2418 si
394 2378 697 2433 tranquillitate
730 2381 772 2419 et
802 2378 1020 2433 voluptate
1051 2378 1132 2419 frui
1163 2378 1309 2419 volunt
1338 2378 1528 2420 homines
1558 2378 1741 2434 primum

129 2468 378 2509 cognoscere
421 2455 575 2497 debent
606 2470 701 2497 cum
732 2456 904 2497 deorum
941 2460 1159 2508 naturam,
1191 2461 1280 2498 tum
1313 2471 1393 2512 quo
1424 2457 1547 2498 modo
1578 2457 1739 2510 omnia,

129 2546 235 2589 quac
281 2533 405 2588 fiant,
450 2534 631 2576 naturali
676 2535 838 2576 ratione
879 2535 1080 2590 explicari
1121 2535 1294 2590 possint.
1356 2534 1476 2583 Quod
1519 2547 1642 2590 porro
1687 2533 1741 2576 ad

173 2706 196 2748 ¹)
243 2705 312 2745 VI,
337 2708 388 2737 66.

171 2768 197 2809 ²)
243 2768 293 2808 V,
320 2771 413 2800 1224.

172 2832 193 2852 δ’
244 2831 294 2871 V,
322 2834 413 2864 1233.

172 2893 198 2936 ⁴)
246 2894 285 2934 Ι,
312 2895 370 2928 107
393 2905 481 2937 seqq.

172 2956 196 2993 5)
243 2956 280 2996 1,
305 2959 344 2989 63
369 2967 457 2999 seqq.

172 3018 198 3060 ⁶)
246 3020 295 3052 De
317 3023 383 3052 nat.
407 3021 492 3052 deor.
517 3020 556 3062 Ι,
580 3023 631 3053 20.

190 2842 198 2871 χ,
