1894 3235
904 97 956 137 72

119 229 276 285 pariter
320 230 435 271 nasci
480 234 522 271 et
567 243 753 271 crescere
801 234 843 271 et
889 243 1106 271 senescere
1150 229 1341 271 videmus
1381 229 1593 270 animum:
1632 242 1732 284 ergo

118 322 202 348 una
222 322 315 348 cum
337 321 385 348 eo
407 308 550 348 interit
574 312 615 348 et
637 307 876 348 dissolvitur
903 321 1003 360 „ceu
1026 307 1180 360 fumus,
1206 308 1248 348 in
1270 307 1375 348 altas
1396 307 1504 348 aeris
1525 307 1673 348 auras'’
1694 308 1730 360 ¹).

118 385 237 426 Idem
269 389 561 440 argumentum
593 384 782 425 attulisse
814 385 916 424 alios
947 384 1176 440 Epicureos
1218 389 1259 426 et
1290 385 1464 425 fortasse
1503 383 1733 439 Epicurum

117 463 255 518 ipsum
285 466 460 518 apparet
491 476 513 503 e
545 461 656 502 Voll.
689 461 805 502 Herc
836 461 901 503 VI
932 463 1008 503 col.
1044 464 1065 502 7
1099 462 1171 503 ubi
1197 463 1477 517 fragmentum
1498 461 1734 512 invenimus

120 541 349 582 Metrodori
369 539 628 581 huiusmodi:
652 541 733 581 ἐπεὶ
766 540 848 595 ’γὰρ
882 541 905 588 ἡ
937 542 1054 597 ψυχὴ
1085 545 1214 596 μικρῷ
1246 542 1400 593 σώματι
1432 542 1735 595 παρατείνουσα

119 621 218 661 κατὰ
263 620 338 668 τὴν
378 616 568 667 παιδικὴν
609 618 803 673 (τροφὴ)υ
835 616 996 666 αὔξεται
1028 623 1069 658 et
1103 618 1219 659 Sext.
1253 618 1375 673 Emp.
1409 617 1501 658 adv.
1534 616 1734 658 mathem.

118 696 196 737 IX.
230 697 309 737 72:
354 699 416 738 καὶ
450 696 540 737 καθ’
573 696 699 744 αὑτὰς
733 693 772 736 δὲ
806 693 1038 747 διαμένουσι
1070 699 1132 737 καὶ
1164 697 1274 752 οὐχ,
1307 697 1363 745 ὡς
1394 697 1534 751 ’ἔλεγεν
1567 699 1588 737 ὁ
1620 696 1735 737 Ἐπί·

119 793 297 830 κουρυς,
345 774 620 816 ἀπολυθεῖσαι
655 777 740 815 τῶν
772 775 974 824 σωμάτων
1006 777 1165 815 καπνοῦ
1198 771 1314 822 δίκην
1346 772 1596 817 σκίδναυται.

174 852 364 892 Tertium
409 850 488 892 hoc
519 850 639 891 affert
671 849 990 891 documentum:
1023 854 1070 890 ut
1101 864 1251 906 corpus
1281 851 1438 892 morbis
1468 850 1647 893 afficitur
1678 851 1736 892 sic

117 930 280 971 animus
320 929 430 970 curis
461 933 502 969 et
534 928 772 981 doloribus,
819 929 852 968 si
884 941 1033 983 corpus
1065 933 1256 982 aegrotat
1287 929 1450 970 animus
1481 942 1604 984 saepe
1636 928 1737 970 deli-

115 1012 206 1049 rat:
256 1021 356 1062 ergo
400 1007 587 1048 mortalis
633 1010 724 1060 est,
775 1021 897 1059 „nam
944 1006 1060 1047 dolor
1105 1021 1153 1047 ac
1196 1006 1365 1047 morbus
1406 1007 1480 1048 leti
1511 1006 1736 1048 fabricator

116 1084 374 1140 uterquest'’.
417 1083 577 1125 Eodem
599 1098 767 1138 prorsus
797 1083 920 1124 modo
951 1083 1204 1124 Panaetium
1237 1084 1422 1125 Stoicum
1443 1084 1737 1125 ratiocinatum

115 1176 206 1204 esse
236 1162 426 1203 videmus
458 1176 480 1203 e
512 1162 705 1203 Tulliano
737 1162 854 1202 loco:
889 1164 1055 1208 Quaest.
1089 1162 1211 1202 Tusc.
1245 1162 1278 1202 Ι.
1313 1163 1365 1203 32
1385 1195 1395 1215 ,
1430 1163 1511 1203 79:
1539 1163 1738 1215 „alteram

117 1244 258 1281 autem
289 1239 410 1280 affert
442 1239 703 1292 (Panaetius)
735 1239 970 1292 1·ationem;
1013 1238 1119 1278 nihil
1151 1252 1271 1292 esse,
1304 1238 1415 1294 quod
1446 1238 1608 1293 doleat,
1640 1239 1740 1296 quin

117 1317 161 1358 id
192 1331 366 1372 aegrum
398 1331 488 1358 esse
520 1331 684 1373 quoque
715 1317 872 1372 possit3
906 1316 1015 1372 quod
1046 1321 1188 1357 autem
1219 1317 1262 1357 in
1293 1317 1485 1358 morbum
1516 1316 1666 1371 cadat,
1698 1317 1740 1358 id

121 1396 248 1437 etiam
279 1396 575 1450 interiturum3
609 1395 749 1437 dolere
781 1400 922 1436 autem
953 1395 1139 1449 animos3
1173 1409 1273 1449 ergo
1305 1396 1433 1436 etiam
1466 1395 1681 1436 inte1·ire.''

175 1473 369 1515 Ebrietas
399 1474 512 1515 idem
543 1474 692 1529 probat
723 1488 820 1515 nam
855 1488 1051 1527 „vemens
1072 1474 1275 1514 violentia
1295 1474 1411 1514 vini'’
1439 1474 1625 1515 animum
1646 1488 1741 1516 con-

119 1552 282 1594 turbat:
329 1556 372 1593 at
418 1556 450 1593 si
497 1552 736 1593 conturbari
783 1556 944 1607 potest,
987 1552 1127 1607 paullo
1160 1552 1451 1593 vehementior
1493 1566 1618 1594 causa
1647 1566 1741 1593 eam

120 1630 331 1672 dissolvet.
378 1631 607 1671 Praeterea
637 1630 840 1686 epilepsia
871 1630 982 1671 idem
1015 1630 1158 1684 docet3
1192 1630 1254 1683 si,
1289 1630 1387 1671 dum
1418 1631 1461 1671 in
1485 1644 1657 1686 corpore
1679 1634 1741 1671 est

119 1713 161 1750 et
208 1709 259 1750 ab
309 1723 357 1750 eo
405 1709 671 1762 continetur,
717 1709 880 1750 animus
911 1710 994 1750 iam
1031 1709 1090 1750 ita
1122 1709 1267 1750 iactari
1300 1714 1342 1749 et
1374 1708 1548 1750 distrahi
1579 1713 1739 1764 potest,

119 1787 190 1842 qui
221 1787 265 1827 in
296 1801 392 1829 aere
424 1791 569 1842 aperto
601 1801 696 1828 cum
726 1786 876 1828 validis
909 1786 1045 1828 ventis
1076 1800 1265 1842 pugnare
1296 1787 1487 1842 poterit?
1546 1787 1741 1843 Denique

119 1864 340 1906 medicinis
383 1869 570 1907 mentem
615 1865 752 1906 sanari
792 1878 914 1920 posse
945 1865 1164 1919 videmus,
1207 1865 1317 1921 quod
1347 1865 1496 1921 probat
1528 1879 1621 1906 eam
1651 1879 1741 1907 mu-

119 1943 292 1984 tabilem
323 1956 441 1984 esse:
476 1942 548 1984 sed
580 1943 614 1983 si
644 1943 797 1984 mutari
829 1946 995 1998 potest,
1028 1943 1216 1984 mortalis
1248 1947 1335 1996 est,
1368 1957 1465 1983 nam
1487 1942 1741 1999 „quodcum-

120 2034 200 2076 que
249 2021 333 2062 suis
363 2025 572 2062 mutatum
609 2021 762 2062 finibus
793 2021 883 2062 exit
915 2023 1110 2063 continuo
1142 2021 1220 2063 hoc
1251 2036 1363 2063 mors
1396 2027 1458 2063 est
1489 2022 1601 2063 illius
1633 2021 1743 2078 quod

119 2098 197 2139 fuit
243 2099 368 2140 ante'’
389 2096 433 2149 2).
494 2099 614 2140 Haec
661 2100 800 2140 omnia
847 2104 887 2140 et
934 2114 1039 2155 quac
1071 2104 1327 2155 sequuntur,
1375 2113 1526 2155 nempe
1558 2100 1741 2141 animam

119 2177 339 2218 mortalem
383 2191 501 2231 esse⁷
549 2178 747 2233 quoniam
792 2177 982 2218 homines
1014 2177 1277 2218 membratim
1310 2178 1481 2218 vitalem
1513 2177 1742 2233 deperdere

121 2267 288 2295 sensum
306 2255 498 2296 videmus
516 2260 557 2296 et
575 2256 740 2297 animus
757 2269 856 2310 ergo
875 2256 996 2296 simul
1015 2255 1227 2296 scindatur
1239 2269 1407 2296 necesse
1421 2253 1601 2309 est²³),—
1619 2269 1741 2311 porro

119 2332 307 2373 animum
338 2333 530 2387 interire,
564 2348 659 2374 cum
691 2333 871 2374 hominis
902 2348 997 2389 pars
1029 2333 1082 2374 sit
1114 2338 1155 2374 ct
1186 2338 1326 2388 partes
1357 2348 1431 2389 per
1462 2347 1505 2374 se
1537 2347 1627 2374 esse
1659 2347 1742 2374 non

120 2411 282 2464 possint
314 2425 337 2451 a
371 2415 457 2452 toto
481 2411 668 2453 divulsae
687 2445 696 2465 ,
729 2426 907 2468 cumque
930 2412 998 2465 id,
1032 2411 1142 2467 quod
1163 2411 1284 2452 modo
1304 2444 1313 2464 ,
1347 2411 1444 2451 dum
1467 2415 1556 2452 arto
1579 2424 1742 2452 conexu

121 2502 215 2529 cum
238 2503 410 2544 corpore
434 2495 544 2530 esset
565 2494 812 2531 contextum
831 2523 840 2543 ,
872 2496 1038 2544 ageret,
1076 2493 1197 2530 extra
1214 2503 1362 2544 corpus
1383 2489 1526 2530 vivere
1546 2503 1629 2530 non
1651 2503 1742 2544 pos-

121 2565 174 2605 sit
193 2564 250 2620 4),
296 2591 347 2595 —
396 2566 499 2608 haec
532 2568 671 2608 omnia
702 2568 935 2608 necessario
977 2567 1171 2623 consequi
1205 2581 1259 2608 ex
1290 2571 1380 2608 arto
1410 2567 1600 2620 vinculo,
1633 2566 1742 2622 quod

163 2767 189 2809 1>
238 2772 418 2802 445—458.

163 2834 190 2875 2)
239 2835 418 2866 459-523.

163 2896 188 2938 ³)
237 2898 394 2928 523—45.

164 2961 189 3000 4)
235 2962 392 2994 545-78.
