1894 3235
923 90 978 130 44

143 232 240 259 nam
286 232 308 260 e
355 233 429 261 suo
475 235 664 277 quaeque
708 222 866 263 semine
909 236 975 263 res
1020 237 1131 264 nunc
1163 223 1349 264 nascitur
1381 227 1423 264 et
1454 238 1575 265 suum
1607 224 1684 266 sibi
1706 239 1766 266 as-

143 296 270 337 sumit
310 297 449 338 cibum
479 297 557 339 hoe
587 299 630 339 in
662 299 844 353 mundo,
888 304 1108 355 postquam
1150 300 1279 341 semel
1311 300 1483 342 fortuito
1528 306 1642 343 ortus
1679 305 1764 343 est:

143 387 250 428 quae
295 388 377 415 non
420 376 542 416 utiles
584 381 680 417 sunt
711 376 839 417 atomi
870 377 913 418 in
946 382 1100 418 terram
1132 377 1387 431 reiciuntur,
1435 393 1561 434 quam
1593 379 1645 420 ob
1678 393 1766 420 rem

143 455 338 505 portenta
379 453 475 493 oriri
521 467 605 494 non
651 453 780 494 vides.
845 454 887 495 Si
920 455 1047 495 atomi
1080 455 1308 508 differunt,
1343 469 1487 496 earum
1518 456 1765 510 intervalla,

148 542 392 583 connexus,
439 530 650 585 pondera,
683 536 822 572 motus
853 546 1018 587 quoque
1051 532 1271 586 differunt,
1304 533 1445 589 itaque
1479 530 1680 590 quaequev
1700 548 1767 576 res

146 620 267 647 suum
299 620 431 661 genus
463 621 628 648 servare
660 612 810 663 potest.
874 608 1096 649 Lucretius
1128 610 1240 650 enim
1271 610 1560 651 tantummodo
1583 610 1768 666 loquitur

147 684 197 725 de
229 685 307 726 hoc
339 690 572 726 atomorum
604 686 773 740 ordine,
805 686 875 742 qui
908 700 1005 727 casu
1038 687 1217 742 quodam
1250 689 1379 729 semel
1401 689 1460 729 ita
1482 694 1620 742 ortus,
1642 689 1777 750 stabi--

145 762 308 804 litatem
354 763 562 819 quandam
608 764 748 805 habet.
810 764 925 805 Num
969 764 1013 805 in
1057 765 1264 806 anteriore
1297 767 1365 807 vel
1397 767 1627 822 posteriore
1661 767 1767 808 alius

145 841 288 881 mundi
341 841 550 883 creatione
597 842 679 883 alia
710 842 869 897 possint
909 842 1007 882 oriri
1043 842 1240 883 animalia
1281 847 1343 884 est
1379 845 1590 900 quaestio,
1642 859 1767 900 quam

144 916 212 957 hic
259 932 342 958 non
389 922 552 960 tractat.
614 918 649 959 E
697 918 885 960 doctrina
932 923 1074 959 autem
1121 919 1310 974 sequitur
1350 919 1429 961 hoc
1470 935 1514 962 re
1546 935 1646 963 vera
1676 921 1766 962 fieri

145 1008 295 1050 posse,
328 995 438 1051 quod
471 996 599 1037 Stoici
630 996 822 1037 nonnulli
853 996 1078 1051 negabant.

202 1072 322 1114 Haec
365 1074 530 1127 omnia,
579 1074 655 1115 etsi
688 1074 901 1129 paucitate
932 1074 1204 1130 reliquiarum
1236 1089 1320 1116 non
1352 1076 1517 1130 singula
1548 1091 1768 1132 possumus

147 1149 334 1191 conferre
381 1165 476 1192 cum
506 1151 681 1207 Epicuri
712 1152 875 1206 placitis
895 1185 905 1205 7
953 1156 1094 1192 tamen
1125 1152 1184 1193 ita
1216 1166 1311 1194 cum
1343 1157 1430 1194 tota
1461 1154 1550 1194 eius
1581 1153 1769 1195 doctrina

146 1228 372 1270 cohaerent
418 1234 460 1270 et
506 1243 561 1270 ex
592 1230 681 1271 eius
713 1230 928 1285 principiis
960 1235 1191 1286 sequuntur
1222 1235 1269 1272 ut
1300 1232 1445 1286 procul
1477 1232 1602 1273 dubio
1634 1232 1686 1274 ab
1718 1246 1767 1274 eo

146 1307 229 1347 sint
275 1308 468 1363 exposita
514 1322 597 1348 non
642 1308 781 1348 minus
821 1323 946 1364 quam
978 1323 1084 1364 quae
1115 1309 1158 1349 in
1190 1310 1464 1365 sequentibus
1494 1309 1684 1351 versibus
1716 1309 1767 1351 de

146 1384 284 1425 colore
316 1389 549 1425 atomorum
580 1384 720 1426 refert.
781 1385 959 1426 Aternos
991 1385 1103 1426 enim
1135 1385 1256 1427 docet
1278 1386 1390 1427 omni
1423 1387 1560 1427 colore
1594 1387 1767 1428 destitu-

146 1465 210 1502 tas
234 1463 290 1516 l):
338 1462 449 1518 quod
495 1463 528 1503 si
574 1463 649 1503 tibi
695 1463 863 1504 videtur
908 1464 952 1504 in
993 1463 1232 1505 huiusmodi
1265 1478 1439 1520 corpora
1468 1465 1609 1506 nullus
1640 1464 1768 1506 animi

143 1638 216 1667 pars
239 1631 288 1659 est
311 1628 503 1660 consimilis:
529 1640 643 1660 verum
666 1629 812 1670 positura
834 1629 1044 1670 discrepitant
1066 1630 1149 1661 res.''
1182 1647 1221 1653 —
1247 1630 1288 1662 In
1312 1630 1417 1671 priore
1442 1630 1513 1662 loco
1529 1634 1634 1662 nutem
1652 1641 1766 1662 nume-

144 1701 216 1721 rum
240 1695 385 1732 spectat,
410 1692 444 1723 in
468 1692 569 1724 altero
591 1692 746 1724 ordinem.
791 1692 975 1734 Imaginem
998 1694 1134 1725 fortasse
1156 1704 1196 1725 ex
1221 1693 1363 1734 Epicuro
1382 1697 1545 1734 sumptam
1562 1704 1641 1733 esse,
1658 1693 1767 1726 videre

143 1752 221 1785 licet
253 1764 293 1785 ex
323 1754 508 1787 Aristotelis
534 1756 573 1787 de
597 1756 677 1787 Gen.
701 1759 734 1787 et
758 1756 904 1797 Corrupt.
930 1767 1003 1797 pag.
1030 1759 1112 1795 315,
1139 1759 1155 1787 2
1182 1756 1354 1794 (Bekker):
1403 1757 1633 1798 ,,Δημόκριτος
1656 1757 1688 1789 δὲ
1713 1760 1767 1789 καὶ

145 1817 337 1855 Λεύκιππος
364 1819 570 1856 ποιήσαντες
587 1820 627 1850 τὰ
643 1819 818 1860 σχήματα,
836 1820 903 1858 τὴν
919 1820 1104 1852 ἀλλοίωσιν
1121 1821 1174 1852 καὶ
1195 1821 1257 1858 τὴν
1273 1820 1403 1862 γένεσιν
1419 1821 1452 1852 ἐκ
1470 1820 1601 1853 τούτων
1617 1823 1766 1861 ποιοῦσι,

141 1879 299 1919 διακρίσει
335 1883 393 1922 μὲ·’
430 1883 486 1913 καὶ
523 1884 690 1924 συγκρίσει
728 1883 858 1924 γένεσιν
893 1883 947 1914 καὶ
971 1884 1121 1924 wopau.
1168 1885 1258 1919 τάξει
1293 1882 1325 1915 δὲ
1363 1885 1417 1915 καὶ
1451 1883 1537 1915 θέσει
1573 1885 1765 1917 ἀλλοίωσιν.

141 1945 213 1975 ἐπεὶ
245 1943 271 1976 δ’
308 1943 416 1986 ᾤοντο
452 1946 600 1983 τάληθὲς
633 1946 668 1977 ἐν
693 1947 739 1987 τῷ
761 1946 962 1987 φαίνεσθαι,
989 1946 1127 1978 ἐναντία
1153 1946 1183 1978 δὲ
1207 1947 1263 1978 καὶ
1284 1948 1408 1987 ἄπειρα
1433 1949 1473 1978 τὰ
1496 1949 1699 1989 φαινόμενα..
1725 1949 1765 1979 τὰ

144 2009 303 2049 σχήματα
327 2009 450 2049 ἄπειρα
473 2007 656 2047 ἐποίησαν,
682 2009 764 2041 ὥστε
789 2012 863 2046 ταῖς
887 2009 1096 2049 μεταβολαῖς
1120 2012 1178 2042 τοῦ
1204 2010 1416 2052 συγκειμένου
1441 2013 1478 2043 τὸ
1503 2011 1586 2042 αὐτὸ
1610 2011 1767 2043 ἐναντίον

143 2071 250 2103 δοκεῖν
284 2072 381 2113 ἄλλῳ
416 2073 469 2103 καὶ
504 2073 618 2115 ᾶλλῳ.
653 2074 706 2104 κσὶ
738 2073 984 2113 μετακινεῐοθαι
1019 2074 1136 2113 μικροῦ
1173 2073 1427 2115 ἐμμιγνυμένου,
1465 2075 1519 2105 καὶ
1542 2075 1630 2110 ὅλως
1653 2073 1766 2114 ἕτερον

143 2136 319 2176 φαίνεσθαι
344 2134 416 2172 ἐνὸς
448 2136 741 2175 μετιικινηὲέντος.
776 2136 815 2167 ἐκ
849 2139 928 2167 τῶν
964 2136 1095 2168 αὑτῶν
1128 2137 1204 2178 γὰρ
1231 2134 1444 2178 τραγῳδία
1469 2137 1535 2168 καὶ
1559 2136 1763 2179 κωμῳδία.

143 2200 308 2240 γίνεται
348 2200 613 2240 γραμμάτων.
661 2199 784 2230 Locum
832 2203 938 2230 totum
976 2198 1254 2239 transscripsimus
1292 2199 1370 2240 quia
1406 2199 1526 2240 optime
1562 2199 1697 2240 Epicuri
1733 2203 1766 2231 et

142 2260 287 2292 Lucretii
311 2261 496 2301 opinionem
520 2261 686 2302 exprimit.

187 2323 209 2361 1)
255 2323 310 2356 Vs.
337 2326 409 2357 817.
434 2325 475 2356 D.
501 2325 538 2356 L.
563 2325 617 2364 X,
643 2328 704 2356 44:
731 2328 768 2359 τὸ
797 2326 828 2358 δὲ
857 2330 972 2367 χρῶμα
1001 2328 1093 2367 παρὰ
1112 2326 1284 2364 τή-νθέσιν
1302 2330 1369 2358 τῶν
1385 2326 1517 2365 ἀτόμων
1530 2326 1765 2359 ἀλλάττεσθαι

142 2387 176 2419 ἐν
209 2390 283 2424 ταῖς
308 2387 431 2420 δώδεκα
464 2390 690 2430 στοιχειώσεσί
717 2396 826 2431 φησιν.
874 2389 915 2420 In
945 2389 1061 2420 ultima
1085 2388 1183 2420 huius
1206 2388 1401 2429 paragraphi
1423 2392 1513 2429 parte
1536 2388 1630 2429 plura
1651 2388 1766 2421 insunt

141 2449 247 2482 vitia:
283 2450 403 2492 legitur
436 2451 540 2482 enim:
567 2451 654 2489 αὕτη
684 2451 709 2483 δ’
731 2452 750 2490 ὴ
783 2454 877 2494 φωνὴ
902 2452 1032 2484 τούτων
1063 2453 1204 2483 πάντων
1235 2452 1532 2493 μιήμονευομὲκων
1571 2452 1631 2484 τὸν
1647 2452 1764 2484 ἱκανὸν

143 2513 254 2546 τύπον
287 2513 477 2554 ὑποβάλλει
515 2518 575 2553 τῆς
610 2518 676 2546 τῶν
707 2515 817 2547 ὄντων
844 2514 969 2556 φύσεως
997 2515 1170 2551 ἐπινοίας,
1203 2525 1285 2555 quae
1308 2514 1407 2545 verba
1430 2525 1561 2546 sensum
1582 2525 1648 2546 non
1670 2524 1762 2555 prae-

140 2576 228 2608 bent.
276 2577 410 2618 Epicuri
433 2582 483 2609 est
505 2577 650 2609 doctrina
674 2578 771 2609 verba
794 2577 888 2619 sigua
911 2588 980 2609 csse
1003 2578 1043 2608 ad
1060 2577 1207 2609 notiones
1225 2577 1469 2618 exprimendas,
1487 2588 1569 2619 quae
1584 2581 1764 2609 nascuntur

140 2639 256 2671 iterato
280 2651 386 2671 rerum
410 2641 582 2681 adspectu,
611 2641 650 2672 D.
676 2642 714 2672 L.
740 2644 778 2672 33
803 2641 870 2673 οὐδ’
907 2642 950 2673 ἂν
980 2641 1198 2682 ὠνομάσαμέν
1226 2654 1255 2673 τι
1285 2642 1330 2682 μή
1359 2643 1528 2682 πρότερον
1555 2642 1659 2673 αὑτοῦ
1677 2643 1762 2673 κατὰ

141 2703 316 2743 πρόληώιν
347 2706 406 2736 τὸν
427 2704 538 2736 τύπον
566 2704 748 2743 μαθόντες,
767 2708 799 2734 et
822 2707 938 2735 antea:
965 2705 1031 2744 ἅμα
1052 2706 1114 2746 γὰρ
1134 2705 1182 2746 τῷ
1199 2703 1345 2745 ῥηθῆναι
1362 2705 1545 2744 ἅνᾶρωπος
1562 2704 1661 2741 εὐθὺς
1676 2705 1762 2735 κατὰ

142 2766 318 2808 πρόληψιν
354 2767 408 2798 καὶ
448 2768 464 2799 ὁ
492 2769 599 2804 τύπος
637 2768 743 2798 αὑτοῦ
772 2770 898 2799 νοεῖται
921 2769 1183 2809 προηγουμένων
1212 2771 1279 2800 τῶν
1308 2769 1507 2805 αἰσθήσεων.
1538 2768 1583 2798 At
1603 2767 1762 2807 quomodo

140 2834 212 2862 tum
272 2841 335 2861 vox
389 2834 515 2861 atomus
563 2829 626 2861 dici
659 2833 786 2870 potest,
832 2840 906 2861 cum
950 2834 1073 2861 atomos
1109 2841 1277 2872 nunquam
1320 2830 1468 2861 sensibus
1518 2828 1762 2870 percipiamus?

141 2893 255 2924 Plures
278 2892 539 2924 ratiocinationes
560 2893 719 2934 pluraque
743 2898 935 2934 argumenta
957 2903 1015 2924 nos
1038 2893 1244 2924 adduxerunt
1260 2896 1297 2924 ut
1320 2893 1520 2924 crederemus
1544 2897 1668 2924 atomos
1692 2902 1761 2924 esse

140 2955 254 2997 utique
269 2965 380 2986 earum
395 2955 606 2996 proprietates
622 2966 887 2997 cognosceremus
900 2967 907 2995 ;
932 2960 1008 2987 sunt
1023 2956 1125 2998 igitur
1140 2956 1209 2987 eius
1225 2955 1352 2998 generis
1362 2980 1370 2995 ,
1388 2956 1474 2997 quod
1490 2955 1502 2996 ᾗ
1516 2957 1556 2986 62
1573 2955 1668 2987 dicit:
1687 2955 1759 2988 κατ’
