<?xml version="1.0" encoding="UTF-8"?>
<!DOCTYPE html PUBLIC "-//W3C//DTD XHTML 1.0 Transitional//EN"
    "http://www.w3.org/TR/xhtml1/DTD/xhtml1-transitional.dtd">
<html xmlns="http://www.w3.org/1999/xhtml" xml:lang="en" lang="en">
 <head>
  <title>
</title>
<meta http-equiv="Content-Type" content="text/html;charset=utf-8" />
  <meta name='ocr-system' content='tesseract 3.04.00' />
  <meta name='ocr-capabilities' content='ocr_page ocr_carea ocr_par ocr_line ocrx_word'/>
</head>
<body>
  <div class='ocr_page' id='page_1' title='image "./lucretiiphilosop00woltuoft_0168.png"; bbox 0 0 1894 3235; ppageno 0'>
   <div class='ocr_carea' id='block_1_1' title="bbox 919 175 997 214">
    <p class='ocr_par' dir='ltr' id='par_1_1' title="bbox 919 175 997 214">
     <span class='ocr_line' id='line_1_1' title="bbox 919 175 997 214; baseline 0.013 -1"><span class='ocrx_word' id='word_1_1' title='bbox 919 175 997 214; x_wconf 86' lang='lat'>154</span> 
     </span>
    </p>
   </div>
   <div class='ocr_carea' id='block_1_2' title="bbox 135 301 1766 3087">
    <p class='ocr_par' dir='ltr' id='par_1_2' title="bbox 141 301 1766 1139">
     <span class='ocr_line' id='line_1_2' title="bbox 146 301 1764 366; baseline 0.006 -22"><span class='ocrx_word' id='word_1_2' title='bbox 146 309 238 351; x_wconf 80' lang='grc' dir='ltr'>ταῖς</span> <span class='ocrx_word' id='word_1_3' title='bbox 285 301 486 359; x_wconf 80' lang='grc' dir='ltr'>ἐκβολαῖς</span> <span class='ocrx_word' id='word_1_4' title='bbox 532 310 606 347; x_wconf 82' lang='grc' dir='ltr'>τοῦ</span> <span class='ocrx_word' id='word_1_5' title='bbox 650 310 839 359; x_wconf 76' lang='grc' dir='ltr'>ποταμοῦ</span> <span class='ocrx_word' id='word_1_6' title='bbox 882 307 1056 350; x_wconf 86' lang='grc' dir='ltr'>κωλύειν</span> <span class='ocrx_word' id='word_1_7' title='bbox 1101 311 1156 358; x_wconf 81' lang='grc' dir='ltr'>εἷς</span> <span class='ocrx_word' id='word_1_8' title='bbox 1188 309 1405 352; x_wconf 63' lang='grc' dir='ltr'>θάλατταν</span> <span class='ocrx_word' id='word_1_9' title='bbox 1435 313 1687 366; x_wconf 64' lang='grc' dir='ltr'>προχεῖσθαι</span> <span class='ocrx_word' id='word_1_10' title='bbox 1716 312 1764 353; x_wconf 83' lang='grc' dir='ltr'>τὸ</span> 
     </span>
     <span class='ocr_line' id='line_1_3' title="bbox 143 379 1765 438; baseline 0.005 -16"><span class='ocrx_word' id='word_1_11' title='bbox 143 379 295 434; x_wconf 85' lang='grc' dir='ltr'>ῥεῦμα,</span> <span class='ocrx_word' id='word_1_12' title='bbox 328 385 392 423; x_wconf 87' lang='grc' dir='ltr'>καὶ</span> <span class='ocrx_word' id='word_1_13' title='bbox 425 380 488 424; x_wconf 76' lang='grc' dir='ltr'>διὰ</span> <span class='ocrx_word' id='word_1_14' title='bbox 521 383 630 424; x_wconf 83' lang='grc' dir='ltr'>τοῦτ’</span> <span class='ocrx_word' id='word_1_15' title='bbox 661 384 789 425; x_wconf 79' lang='grc' dir='ltr'>αὐτὸν</span> <span class='ocrx_word' id='word_1_16' title='bbox 820 383 1115 438; x_wconf 73' lang='grc' dir='ltr'>πληρούμενον</span> <span class='ocrx_word' id='word_1_17' title='bbox 1147 386 1378 435; x_wconf 72' lang='grc' dir='ltr'>ἐπικλύζειν</span> <span class='ocrx_word' id='word_1_18' title='bbox 1408 390 1603 436; x_wconf 83' lang='grc' dir='ltr'>ταπεινὴν</span> <span class='ocrx_word' id='word_1_19' title='bbox 1633 388 1765 431; x_wconf 75' lang='grc' dir='ltr'>οὖσαν</span> 
     </span>
     <span class='ocr_line' id='line_1_4' title="bbox 145 456 1765 521; baseline 0.006 -23"><span class='ocrx_word' id='word_1_20' title='bbox 145 461 207 499; x_wconf 84' lang='grc' dir='ltr'>καὶ</span> <span class='ocrx_word' id='word_1_21' title='bbox 231 456 398 500; x_wconf 68' lang='grc' dir='ltr'>πεδιάδα</span> <span class='ocrx_word' id='word_1_22' title='bbox 419 462 496 508; x_wconf 82' lang='grc' dir='ltr'>τὴν</span> <span class='ocrx_word' id='word_1_23' title='bbox 522 460 735 515; x_wconf 76' lang='grc' dir='ltr'>Αἴγυπτον</span> <span class='ocrx_word' id='word_1_24' title='bbox 757 460 898 514; x_wconf 88' lang='lat' dir='ltr'>(Diod.</span> <span class='ocrx_word' id='word_1_25' title='bbox 922 462 1003 503; x_wconf 80' lang='lat' dir='ltr'>Sic.</span> <span class='ocrx_word' id='word_1_26' title='bbox 1027 463 1059 504; x_wconf 87' lang='lat' dir='ltr'>I.</span> <span class='ocrx_word' id='word_1_27' title='bbox 1084 478 1174 519; x_wconf 81' lang='lat' dir='ltr'>cap.</span> <span class='ocrx_word' id='word_1_28' title='bbox 1198 465 1264 505; x_wconf 83' lang='lat'>38.</span> <span class='ocrx_word' id='word_1_29' title='bbox 1290 465 1345 518; x_wconf 81' lang='grc'>2).</span> <span class='ocrx_word' id='word_1_30' title='bbox 1372 464 1565 506; x_wconf 82' lang='lat' dir='ltr'>Secunda</span> <span class='ocrx_word' id='word_1_31' title='bbox 1582 465 1765 521; x_wconf 82' lang='lat' dir='ltr'>explica-</span> 
     </span>
     <span class='ocr_line' id='line_1_5' title="bbox 145 534 1765 602; baseline 0.006 -27"><span class='ocrx_word' id='word_1_32' title='bbox 145 534 204 575; x_wconf 89' lang='lat' dir='ltr'>tio</span> <span class='ocrx_word' id='word_1_33' title='bbox 227 534 324 576; x_wconf 91' lang='lat' dir='ltr'>huic</span> <span class='ocrx_word' id='word_1_34' title='bbox 347 536 558 578; x_wconf 91' lang='lat' dir='ltr'>simillima</span> <span class='ocrx_word' id='word_1_35' title='bbox 575 542 651 590; x_wconf 89' lang='lat' dir='ltr'>est,</span> <span class='ocrx_word' id='word_1_36' title='bbox 680 538 791 593; x_wconf 91' lang='lat' dir='ltr'>quod</span> <span class='ocrx_word' id='word_1_37' title='bbox 812 538 1018 593; x_wconf 81' lang='lat' dir='ltr'>harenae,</span> <span class='ocrx_word' id='word_1_38' title='bbox 1040 541 1145 581; x_wconf 89' lang='lat' dir='ltr'>mari</span> <span class='ocrx_word' id='word_1_39' title='bbox 1167 542 1360 596; x_wconf 88' lang='lat' dir='ltr'>procellis</span> <span class='ocrx_word' id='word_1_40' title='bbox 1378 546 1571 602; x_wconf 81' lang='lat' dir='ltr'>permoto</span> <span class='ocrx_word' id='word_1_41' title='bbox 1588 543 1765 585; x_wconf 84' lang='lat' dir='ltr'>collatae</span> 
     </span>
     <span class='ocr_line' id='line_1_6' title="bbox 147 614 1765 670; baseline 0.006 -18"><span class='ocrx_word' id='word_1_42' title='bbox 147 616 190 653; x_wconf 87' lang='lat' dir='ltr'>et</span> <span class='ocrx_word' id='word_1_43' title='bbox 222 614 460 654; x_wconf 83' lang='lat' dir='ltr'>cumulatae</span> <span class='ocrx_word' id='word_1_44' title='bbox 490 615 533 655; x_wconf 90' lang='lat' dir='ltr'>in</span> <span class='ocrx_word' id='word_1_45' title='bbox 554 615 738 656; x_wconf 88' lang='lat' dir='ltr'>fluminis</span> <span class='ocrx_word' id='word_1_46' title='bbox 759 617 899 670; x_wconf 85' lang='lat' dir='ltr'>ostiis,</span> <span class='ocrx_word' id='word_1_47' title='bbox 930 617 1070 658; x_wconf 89' lang='lat' dir='ltr'>minus</span> <span class='ocrx_word' id='word_1_48' title='bbox 1092 617 1270 659; x_wconf 90' lang='lat' dir='ltr'>liberum</span> <span class='ocrx_word' id='word_1_49' title='bbox 1293 619 1447 660; x_wconf 87' lang='lat' dir='ltr'>faciant</span> <span class='ocrx_word' id='word_1_50' title='bbox 1469 620 1631 661; x_wconf 89' lang='lat' dir='ltr'>exitum</span> <span class='ocrx_word' id='word_1_51' title='bbox 1653 620 1765 662; x_wconf 91' lang='lat' dir='ltr'>amni</span> 
     </span>
     <span class='ocr_line' id='line_1_7' title="bbox 144 691 1766 754; baseline 0.006 -23"><span class='ocrx_word' id='word_1_52' title='bbox 144 691 221 744; x_wconf 86' lang='lat' dir='ltr'>(vs.</span> <span class='ocrx_word' id='word_1_53' title='bbox 247 692 474 746; x_wconf 71' lang='lat'>724—28).</span> <span class='ocrx_word' id='word_1_54' title='bbox 509 693 626 741; x_wconf 83' lang='lat' dir='ltr'>Quae</span> <span class='ocrx_word' id='word_1_55' title='bbox 648 699 773 749; x_wconf 87' lang='lat' dir='ltr'>poeta</span> <span class='ocrx_word' id='word_1_56' title='bbox 794 698 942 750; x_wconf 90' lang='lat' dir='ltr'>quarto</span> <span class='ocrx_word' id='word_1_57' title='bbox 963 695 1054 737; x_wconf 92' lang='lat' dir='ltr'>loco</span> <span class='ocrx_word' id='word_1_58' title='bbox 1076 696 1257 751; x_wconf 79' lang='lat' dir='ltr'>profert:</span> <span class='ocrx_word' id='word_1_59' title='bbox 1285 698 1482 750; x_wconf 80' lang='lat' dir='ltr'>„forsitan</span> <span class='ocrx_word' id='word_1_60' title='bbox 1505 697 1766 754; x_wconf 76' lang='lat' dir='ltr'>Aethiopum</span> 
     </span>
     <span class='ocr_line' id='line_1_8' title="bbox 144 768 1766 829; baseline 0.006 -21"><span class='ocrx_word' id='word_1_61' title='bbox 144 768 313 823; x_wconf 87' lang='lat' dir='ltr'>penitus</span> <span class='ocrx_word' id='word_1_62' title='bbox 345 769 396 810; x_wconf 89' lang='lat' dir='ltr'>de</span> <span class='ocrx_word' id='word_1_63' title='bbox 427 771 640 811; x_wconf 88' lang='lat' dir='ltr'>montibus</span> <span class='ocrx_word' id='word_1_64' title='bbox 671 771 767 812; x_wconf 89' lang='lat' dir='ltr'>altis</span> <span class='ocrx_word' id='word_1_65' title='bbox 798 776 956 813; x_wconf 88' lang='lat' dir='ltr'>creseat</span> <span class='ocrx_word' id='word_1_66' title='bbox 974 805 984 825; x_wconf 89' lang='lat'>,</span> <span class='ocrx_word' id='word_1_67' title='bbox 1015 773 1087 813; x_wconf 93' lang='lat' dir='ltr'>ubi</span> <span class='ocrx_word' id='word_1_68' title='bbox 1120 774 1162 814; x_wconf 93' lang='lat' dir='ltr'>in</span> <span class='ocrx_word' id='word_1_69' title='bbox 1184 788 1352 829; x_wconf 90' lang='lat' dir='ltr'>campos</span> <span class='ocrx_word' id='word_1_70' title='bbox 1374 775 1488 816; x_wconf 85' lang='lat' dir='ltr'>albas</span> <span class='ocrx_word' id='word_1_71' title='bbox 1513 775 1766 817; x_wconf 84' lang='lat' dir='ltr'>descendere</span> 
     </span>
     <span class='ocr_line' id='line_1_9' title="bbox 143 846 1764 904; baseline 0.005 -18"><span class='ocrx_word' id='word_1_72' title='bbox 143 846 323 900; x_wconf 83' lang='lat' dir='ltr'>ningues</span> <span class='ocrx_word' id='word_1_73' title='bbox 371 848 548 890; x_wconf 84' lang='lat' dir='ltr'>tabificis</span> <span class='ocrx_word' id='word_1_74' title='bbox 589 849 747 903; x_wconf 87' lang='lat' dir='ltr'>subigit</span> <span class='ocrx_word' id='word_1_75' title='bbox 777 849 904 890; x_wconf 86' lang='lat' dir='ltr'>radiis</span> <span class='ocrx_word' id='word_1_76' title='bbox 935 850 997 890; x_wconf 91' lang='lat' dir='ltr'>sol</span> <span class='ocrx_word' id='word_1_77' title='bbox 1029 850 1169 891; x_wconf 89' lang='lat' dir='ltr'>omnia</span> <span class='ocrx_word' id='word_1_78' title='bbox 1199 851 1408 892; x_wconf 84' lang='lat' dir='ltr'>lustrans&#39;&#39;</span> <span class='ocrx_word' id='word_1_79' title='bbox 1444 854 1517 904; x_wconf 82' lang='lat' dir='ltr'>(vs.</span> <span class='ocrx_word' id='word_1_80' title='bbox 1553 854 1764 903; x_wconf 79' lang='lat'><strong>735-37)</strong></span> 
     </span>
     <span class='ocr_line' id='line_1_10' title="bbox 141 925 1766 986; baseline 0.005 -22"><span class='ocrx_word' id='word_1_81' title='bbox 141 928 239 964; x_wconf 78' lang='lat' dir='ltr'>sunt</span> <span class='ocrx_word' id='word_1_82' title='bbox 269 925 581 980; x_wconf 73' lang='lat' dir='ltr'>Anaxagorae:</span> <span class='ocrx_word' id='word_1_83' title='bbox 614 926 908 983; x_wconf 69' lang='grc' dir='ltr'>Ἀναξαγόρας</span> <span class='ocrx_word' id='word_1_84' title='bbox 941 926 1007 970; x_wconf 69' lang='grc' dir='ltr'>δ’ὁ</span> <span class='ocrx_word' id='word_1_85' title='bbox 1039 931 1212 983; x_wconf 72' lang='grc' dir='ltr'>φυσικὸς</span> <span class='ocrx_word' id='word_1_86' title='bbox 1244 929 1483 984; x_wconf 73' lang='grc' dir='ltr'>ἀπεφήνατο</span> <span class='ocrx_word' id='word_1_87' title='bbox 1510 937 1582 979; x_wconf 86' lang='grc' dir='ltr'>τῆς</span> <span class='ocrx_word' id='word_1_88' title='bbox 1605 929 1766 986; x_wconf 72' lang='grc' dir='ltr'>ἀναβά-</span> 
     </span>
     <span class='ocr_line' id='line_1_11' title="bbox 142 1003 1766 1063; baseline 0.004 -20"><span class='ocrx_word' id='word_1_89' title='bbox 142 1019 245 1051; x_wconf 86' lang='grc' dir='ltr'>σεως</span> <span class='ocrx_word' id='word_1_90' title='bbox 289 1004 422 1044; x_wconf 82' lang='grc' dir='ltr'>αἰτίαν</span> <span class='ocrx_word' id='word_1_91' title='bbox 454 1003 554 1046; x_wconf 79' lang='grc' dir='ltr'>εἶναι</span> <span class='ocrx_word' id='word_1_92' title='bbox 585 1005 661 1053; x_wconf 90' lang='grc' dir='ltr'>τὴν</span> <span class='ocrx_word' id='word_1_93' title='bbox 692 1007 919 1057; x_wconf 80' lang='grc' dir='ltr'>τηκομένην</span> <span class='ocrx_word' id='word_1_94' title='bbox 952 1006 1075 1060; x_wconf 78' lang='grc' dir='ltr'>χιόνα</span> <span class='ocrx_word' id='word_1_95' title='bbox 1109 1006 1208 1047; x_wconf 86' lang='grc' dir='ltr'>κατὰ</span> <span class='ocrx_word' id='word_1_96' title='bbox 1240 1007 1315 1055; x_wconf 83' lang='grc' dir='ltr'>τὴν</span> <span class='ocrx_word' id='word_1_97' title='bbox 1351 1008 1598 1060; x_wconf 59' lang='grc' dir='ltr'>Αἰθιοπίαν,</span> <span class='ocrx_word' id='word_1_98' title='bbox 1641 1006 1672 1063; x_wconf 76' lang='grc' dir='ltr'><em>ᾧ</em></span> <span class='ocrx_word' id='word_1_99' title='bbox 1703 1010 1766 1049; x_wconf 80' lang='grc' dir='ltr'>καὶ</span> 
     </span>
     <span class='ocr_line' id='line_1_12' title="bbox 144 1079 1558 1139; baseline 0.004 -18"><span class='ocrx_word' id='word_1_100' title='bbox 144 1080 166 1120; x_wconf 88' lang='grc' dir='ltr'><strong>ὁ</strong></span> <span class='ocrx_word' id='word_1_101' title='bbox 198 1081 373 1130; x_wconf 80' lang='grc' dir='ltr'>ποιητὴς</span> <span class='ocrx_word' id='word_1_102' title='bbox 406 1079 634 1136; x_wconf 72' lang='grc' dir='ltr'>Εὐριπίδης</span> <span class='ocrx_word' id='word_1_103' title='bbox 663 1083 851 1134; x_wconf 59' lang='grc' dir='ltr'>μαθητὴς</span> <span class='ocrx_word' id='word_1_104' title='bbox 884 1082 942 1124; x_wconf 84' lang='grc' dir='ltr'>ὢν</span> <span class='ocrx_word' id='word_1_105' title='bbox 974 1082 1234 1132; x_wconf 60' lang='grc' dir='ltr'>ἠκολούθηκε</span> <span class='ocrx_word' id='word_1_106' title='bbox 1268 1097 1276 1105; x_wconf 87' lang='grc'><em>·</em></span> <span class='ocrx_word' id='word_1_107' title='bbox 1309 1083 1420 1139; x_wconf 78' lang='grc' dir='ltr'>λεγει</span> <span class='ocrx_word' id='word_1_108' title='bbox 1451 1088 1558 1138; x_wconf 75' lang='grc' dir='ltr'>γοῦν</span> 
     </span>
    </p>

    <p class='ocr_par' dir='ltr' id='par_1_3' title="bbox 375 1159 1358 1218">
     <span class='ocr_line' id='line_1_13' title="bbox 375 1159 1358 1218; baseline 0.004 -18"><span class='ocrx_word' id='word_1_109' title='bbox 375 1159 529 1201; x_wconf 87' lang='grc' dir='ltr'>Νείλου</span> <span class='ocrx_word' id='word_1_110' title='bbox 559 1159 697 1202; x_wconf 81' lang='grc' dir='ltr'>λιπὼν</span> <span class='ocrx_word' id='word_1_111' title='bbox 729 1160 961 1202; x_wconf 81' lang='grc' dir='ltr'>κάλλιστον</span> <span class='ocrx_word' id='word_1_112' title='bbox 993 1163 1033 1203; x_wconf 79' lang='grc' dir='ltr'>ἐκ</span> <span class='ocrx_word' id='word_1_113' title='bbox 1065 1164 1190 1217; x_wconf 77' lang='grc' dir='ltr'>γαίας</span> <span class='ocrx_word' id='word_1_114' title='bbox 1224 1160 1358 1218; x_wconf 73' lang='grc' dir='ltr'>ὕδωρ,</span> 
     </span>
    </p>

    <p class='ocr_par' dir='ltr' id='par_1_4' title="bbox 374 1237 1241 1294">
     <span class='ocr_line' id='line_1_14' title="bbox 374 1237 1241 1294; baseline 0.001 -15"><span class='ocrx_word' id='word_1_115' title='bbox 374 1238 423 1288; x_wconf 86' lang='grc' dir='ltr'>ὃς</span> <span class='ocrx_word' id='word_1_116' title='bbox 455 1239 495 1280; x_wconf 81' lang='grc' dir='ltr'>ἐκ</span> <span class='ocrx_word' id='word_1_117' title='bbox 524 1237 839 1293; x_wconf 76' lang='grc' dir='ltr'>μελαμβρότοιο</span> <span class='ocrx_word' id='word_1_118' title='bbox 871 1238 1102 1294; x_wconf 76' lang='grc' dir='ltr'>πληροῦται</span> <span class='ocrx_word' id='word_1_119' title='bbox 1133 1237 1241 1294; x_wconf 80' lang='grc' dir='ltr'>ῥοὰς</span> 
     </span>
    </p>

    <p class='ocr_par' dir='ltr' id='par_1_5' title="bbox 374 1315 1737 1373">
     <span class='ocr_line' id='line_1_15' title="bbox 374 1315 1737 1373; baseline 0 -15"><span class='ocrx_word' id='word_1_120' title='bbox 374 1315 622 1365; x_wconf 60' lang='grc' dir='ltr'>Αἰθιοπίδος</span> <span class='ocrx_word' id='word_1_121' title='bbox 654 1323 759 1371; x_wconf 72' lang='grc' dir='ltr'>γῆς,</span> <span class='ocrx_word' id='word_1_122' title='bbox 806 1317 910 1365; x_wconf 77' lang='grc' dir='ltr'>ἡνίκ’</span> <span class='ocrx_word' id='word_1_123' title='bbox 943 1316 994 1359; x_wconf 85' lang='grc' dir='ltr'>ἂν</span> <span class='ocrx_word' id='word_1_124' title='bbox 1025 1321 1126 1373; x_wconf 74' lang='grc' dir='ltr'>τακῇ</span> <span class='ocrx_word' id='word_1_125' title='bbox 1158 1317 1264 1373; x_wconf 82' lang='grc' dir='ltr'>χιών</span> <span class='ocrx_word' id='word_1_126' title='bbox 1296 1317 1438 1371; x_wconf 84' lang='lat' dir='ltr'>(Diod.</span> <span class='ocrx_word' id='word_1_127' title='bbox 1485 1318 1535 1371; x_wconf 81' lang='lat' dir='ltr'>I,</span> <span class='ocrx_word' id='word_1_128' title='bbox 1569 1318 1651 1371; x_wconf 80' lang='lat'>38,</span> <span class='ocrx_word' id='word_1_129' title='bbox 1684 1319 1737 1371; x_wconf 84' lang='lat'>4).</span> 
     </span>
    </p>

    <p class='ocr_par' dir='ltr' id='par_1_6' title="bbox 137 1391 1766 2541">
     <span class='ocr_line' id='line_1_16' title="bbox 202 1391 1766 1451; baseline 0.003 -19"><span class='ocrx_word' id='word_1_130' title='bbox 202 1391 470 1434; x_wconf 81' lang='lat' dir='ltr'>Democritus</span> <span class='ocrx_word' id='word_1_131' title='bbox 501 1393 609 1435; x_wconf 92' lang='lat' dir='ltr'>hanc</span> <span class='ocrx_word' id='word_1_132' title='bbox 642 1394 883 1450; x_wconf 88' lang='lat' dir='ltr'>opinionem</span> <span class='ocrx_word' id='word_1_133' title='bbox 914 1395 1095 1448; x_wconf 84' lang='lat' dir='ltr'>refellit,</span> <span class='ocrx_word' id='word_1_134' title='bbox 1136 1398 1289 1450; x_wconf 88' lang='lat' dir='ltr'>putans</span> <span class='ocrx_word' id='word_1_135' title='bbox 1319 1396 1537 1451; x_wconf 79' lang='lat' dir='ltr'>aquilones</span> <span class='ocrx_word' id='word_1_136' title='bbox 1567 1395 1712 1437; x_wconf 87' lang='lat' dir='ltr'>nubila</span> <span class='ocrx_word' id='word_1_137' title='bbox 1742 1408 1766 1436; x_wconf 91' lang='lat' dir='ltr'>e</span> 
     </span>
     <span class='ocr_line' id='line_1_17' title="bbox 146 1471 1766 1529; baseline 0.003 -19"><span class='ocrx_word' id='word_1_138' title='bbox 146 1471 433 1526; x_wconf 88' lang='lat' dir='ltr'>septentrione</span> <span class='ocrx_word' id='word_1_139' title='bbox 478 1472 699 1513; x_wconf 87' lang='lat' dir='ltr'>meridiem</span> <span class='ocrx_word' id='word_1_140' title='bbox 744 1486 891 1513; x_wconf 89' lang='lat' dir='ltr'>versus</span> <span class='ocrx_word' id='word_1_141' title='bbox 935 1473 1171 1528; x_wconf 86' lang='lat' dir='ltr'>propellere</span> <span class='ocrx_word' id='word_1_142' title='bbox 1203 1487 1335 1529; x_wconf 88' lang='lat' dir='ltr'>usquc</span> <span class='ocrx_word' id='word_1_143' title='bbox 1368 1473 1467 1514; x_wconf 90' lang='lat' dir='ltr'>dum</span> <span class='ocrx_word' id='word_1_144' title='bbox 1498 1474 1572 1514; x_wconf 89' lang='lat' dir='ltr'>alti</span> <span class='ocrx_word' id='word_1_145' title='bbox 1602 1477 1766 1515; x_wconf 84' lang='lat' dir='ltr'>montes</span> 
     </span>
     <span class='ocr_line' id='line_1_18' title="bbox 144 1548 1766 1607; baseline 0.002 -17"><span class='ocrx_word' id='word_1_146' title='bbox 144 1548 187 1589; x_wconf 88' lang='lat' dir='ltr'>in</span> <span class='ocrx_word' id='word_1_147' title='bbox 233 1548 464 1606; x_wconf 81' lang='lat' dir='ltr'>Aethiopia</span> <span class='ocrx_word' id='word_1_148' title='bbox 495 1551 563 1591; x_wconf 90' lang='lat' dir='ltr'>siti</span> <span class='ocrx_word' id='word_1_149' title='bbox 610 1564 659 1592; x_wconf 88' lang='lat' dir='ltr'>ea</span> <span class='ocrx_word' id='word_1_150' title='bbox 703 1551 942 1604; x_wconf 84' lang='lat' dir='ltr'>retineant,</span> <span class='ocrx_word' id='word_1_151' title='bbox 989 1565 1071 1607; x_wconf 91' lang='lat' dir='ltr'>quo</span> <span class='ocrx_word' id='word_1_152' title='bbox 1102 1551 1174 1592; x_wconf 86' lang='lat' dir='ltr'>fiat</span> <span class='ocrx_word' id='word_1_153' title='bbox 1205 1556 1252 1592; x_wconf 90' lang='lat' dir='ltr'>ut</span> <span class='ocrx_word' id='word_1_154' title='bbox 1282 1551 1386 1594; x_wconf 89' lang='lat' dir='ltr'>hace</span> <span class='ocrx_word' id='word_1_155' title='bbox 1418 1557 1532 1593; x_wconf 83' lang='lat' dir='ltr'>terra</span> <span class='ocrx_word' id='word_1_156' title='bbox 1561 1552 1766 1594; x_wconf 85' lang='lat' dir='ltr'>imbribus</span> 
     </span>
     <span class='ocr_line' id='line_1_19' title="bbox 141 1626 1765 1686; baseline 0.004 -19"><span class='ocrx_word' id='word_1_157' title='bbox 141 1626 381 1682; x_wconf 90' lang='lat' dir='ltr'>operiatur,</span> <span class='ocrx_word' id='word_1_158' title='bbox 432 1627 503 1683; x_wconf 91' lang='lat' dir='ltr'>qui</span> <span class='ocrx_word' id='word_1_159' title='bbox 553 1628 699 1669; x_wconf 89' lang='lat' dir='ltr'>Nilum</span> <span class='ocrx_word' id='word_1_160' title='bbox 750 1629 952 1670; x_wconf 80' lang='lat' dir='ltr'>nutriant.</span> <span class='ocrx_word' id='word_1_161' title='bbox 1035 1630 1295 1685; x_wconf 80' lang='grc' dir='ltr'>Δημόκριτος</span> <span class='ocrx_word' id='word_1_162' title='bbox 1343 1628 1383 1672; x_wconf 74' lang='grc' dir='ltr'>δὲ</span> <span class='ocrx_word' id='word_1_163' title='bbox 1435 1634 1457 1672; x_wconf 86' lang='grc' dir='ltr'>ὁ</span> <span class='ocrx_word' id='word_1_164' title='bbox 1505 1629 1765 1686; x_wconf 75' lang='grc' dir='ltr'>Ἀβδηρίτης</span> 
     </span>
     <span class='ocr_line' id='line_1_20' title="bbox 140 1704 1763 1764; baseline 0.003 -19"><span class='ocrx_word' id='word_1_165' title='bbox 140 1707 266 1759; x_wconf 85' lang='grc' dir='ltr'>φησὶν</span> <span class='ocrx_word' id='word_1_166' title='bbox 307 1705 356 1746; x_wconf 83' lang='grc' dir='ltr'>οὐ</span> <span class='ocrx_word' id='word_1_167' title='bbox 397 1706 472 1747; x_wconf 83' lang='grc' dir='ltr'>τὸν</span> <span class='ocrx_word' id='word_1_168' title='bbox 513 1709 603 1761; x_wconf 83' lang='grc' dir='ltr'>περὶ</span> <span class='ocrx_word' id='word_1_169' title='bbox 649 1707 726 1755; x_wconf 88' lang='grc' dir='ltr'>τὴν</span> <span class='ocrx_word' id='word_1_170' title='bbox 766 1704 1031 1762; x_wconf 73' lang='grc' dir='ltr'>μεσημβρίαν</span> <span class='ocrx_word' id='word_1_171' title='bbox 1071 1707 1206 1748; x_wconf 82' lang='grc' dir='ltr'>τόπον</span> <span class='ocrx_word' id='word_1_172' title='bbox 1246 1707 1533 1762; x_wconf 60' lang='grc' dir='ltr'>χιονίζεσθαι,</span> <span class='ocrx_word' id='word_1_173' title='bbox 1578 1709 1763 1764; x_wconf 65' lang='grc' dir='ltr'>καθάπερ</span> 
     </span>
     <span class='ocr_line' id='line_1_21' title="bbox 141 1782 1765 1841; baseline 0.002 -16"><span class='ocrx_word' id='word_1_174' title='bbox 141 1782 295 1837; x_wconf 79' lang='grc' dir='ltr'>ε’ίρηκεν</span> <span class='ocrx_word' id='word_1_175' title='bbox 354 1782 583 1839; x_wconf 72' lang='grc' dir='ltr'>Εὐριπίδης</span> <span class='ocrx_word' id='word_1_176' title='bbox 632 1787 694 1826; x_wconf 79' lang='grc' dir='ltr'>καὶ</span> <span class='ocrx_word' id='word_1_177' title='bbox 748 1784 1064 1840; x_wconf 72' lang='grc' dir='ltr'>Ἀναξαγόρας,</span> <span class='ocrx_word' id='word_1_178' title='bbox 1124 1789 1187 1827; x_wconf 82' lang='grc' dir='ltr'>καὶ</span> <span class='ocrx_word' id='word_1_179' title='bbox 1247 1791 1371 1828; x_wconf 81' lang='grc' dir='ltr'>τοῦτο</span> <span class='ocrx_word' id='word_1_180' title='bbox 1433 1788 1607 1841; x_wconf 80' lang='grc' dir='ltr'>ἐμφανὲς</span> <span class='ocrx_word' id='word_1_181' title='bbox 1664 1787 1765 1830; x_wconf 81' lang='grc' dir='ltr'>εἶναι</span> 
     </span>
     <span class='ocr_line' id='line_1_22' title="bbox 139 1861 1764 1919; baseline 0.002 -17"><span class='ocrx_word' id='word_1_182' title='bbox 139 1864 240 1903; x_wconf 78' lang='grc' dir='ltr'>πᾶσι</span> <span class='ocrx_word' id='word_1_183' title='bbox 291 1880 324 1903; x_wconf 87' lang='grc' dir='ltr'>κ.</span> <span class='ocrx_word' id='word_1_184' title='bbox 375 1881 410 1902; x_wconf 89' lang='grc' dir='ltr'>τ.</span> <span class='ocrx_word' id='word_1_185' title='bbox 443 1863 472 1903; x_wconf 81' lang='grc' dir='ltr'>ἑ.</span> <span class='ocrx_word' id='word_1_186' title='bbox 503 1861 614 1902; x_wconf 89' lang='lat' dir='ltr'>Diod</span> <span class='ocrx_word' id='word_1_187' title='bbox 645 1862 678 1903; x_wconf 89' lang='lat' dir='ltr'>I.</span> <span class='ocrx_word' id='word_1_188' title='bbox 711 1863 764 1903; x_wconf 83' lang='lat'>39</span> <span class='ocrx_word' id='word_1_189' title='bbox 808 1861 877 1916; x_wconf 89' lang='lat' dir='ltr'>(cf.</span> <span class='ocrx_word' id='word_1_190' title='bbox 920 1876 979 1902; x_wconf 86' lang='lat' dir='ltr'>vs.</span> <span class='ocrx_word' id='word_1_191' title='bbox 1020 1864 1276 1913; x_wconf 76' lang='lat'><strong>729—734).</strong></span> <span class='ocrx_word' id='word_1_192' title='bbox 1309 1863 1527 1919; x_wconf 74' lang='lat' dir='ltr'>Temporis</span> <span class='ocrx_word' id='word_1_193' title='bbox 1574 1864 1607 1905; x_wconf 91' lang='lat' dir='ltr'>si</span> <span class='ocrx_word' id='word_1_194' title='bbox 1638 1864 1764 1906; x_wconf 86' lang='lat' dir='ltr'>ratio-</span> 
     </span>
     <span class='ocr_line' id='line_1_23' title="bbox 138 1937 1763 1997; baseline 0.004 -19"><span class='ocrx_word' id='word_1_195' title='bbox 138 1952 235 1979; x_wconf 90' lang='lat' dir='ltr'>nem</span> <span class='ocrx_word' id='word_1_196' title='bbox 277 1937 520 1993; x_wconf 88' lang='lat' dir='ltr'>habuisset,</span> <span class='ocrx_word' id='word_1_197' title='bbox 563 1939 703 1994; x_wconf 88' lang='lat' dir='ltr'>hanc,</span> <span class='ocrx_word' id='word_1_198' title='bbox 736 1954 861 1996; x_wconf 86' lang='lat' dir='ltr'>quam</span> <span class='ocrx_word' id='word_1_199' title='bbox 894 1940 1018 1982; x_wconf 86' lang='lat' dir='ltr'>tertio</span> <span class='ocrx_word' id='word_1_200' title='bbox 1049 1941 1138 1982; x_wconf 85' lang='lat' dir='ltr'>loco</span> <span class='ocrx_word' id='word_1_201' title='bbox 1173 1941 1403 1997; x_wconf 89' lang='lat' dir='ltr'>proponit,</span> <span class='ocrx_word' id='word_1_202' title='bbox 1437 1942 1763 1997; x_wconf 79' lang='lat' dir='ltr'>explicationem</span> 
     </span>
     <span class='ocr_line' id='line_1_24' title="bbox 139 2017 1761 2075; baseline 0.003 -19"><span class='ocrx_word' id='word_1_203' title='bbox 139 2020 395 2071; x_wconf 86' lang='lat' dir='ltr'>postremam</span> <span class='ocrx_word' id='word_1_204' title='bbox 447 2017 629 2059; x_wconf 90' lang='lat' dir='ltr'>scribere</span> <span class='ocrx_word' id='word_1_205' title='bbox 680 2017 883 2059; x_wconf 86' lang='lat' dir='ltr'>debuerat</span> <span class='ocrx_word' id='word_1_206' title='bbox 929 2023 1082 2074; x_wconf 88' lang='lat' dir='ltr'>poeta,</span> <span class='ocrx_word' id='word_1_207' title='bbox 1134 2018 1246 2074; x_wconf 91' lang='lat' dir='ltr'>quod</span> <span class='ocrx_word' id='word_1_208' title='bbox 1296 2033 1391 2060; x_wconf 89' lang='lat' dir='ltr'>cum</span> <span class='ocrx_word' id='word_1_209' title='bbox 1443 2034 1526 2060; x_wconf 87' lang='lat' dir='ltr'>non</span> <span class='ocrx_word' id='word_1_210' title='bbox 1591 2020 1761 2075; x_wconf 81' lang='lat' dir='ltr'>fecerit,</span> 
     </span>
     <span class='ocr_line' id='line_1_25' title="bbox 138 2094 1762 2154; baseline 0.002 -19"><span class='ocrx_word' id='word_1_211' title='bbox 138 2094 309 2136; x_wconf 88' lang='lat' dir='ltr'>credere</span> <span class='ocrx_word' id='word_1_212' title='bbox 352 2095 451 2136; x_wconf 90' lang='lat' dir='ltr'>licet</span> <span class='ocrx_word' id='word_1_213' title='bbox 496 2109 593 2137; x_wconf 88' lang='lat' dir='ltr'>eum</span> <span class='ocrx_word' id='word_1_214' title='bbox 639 2095 854 2151; x_wconf 85' lang='lat' dir='ltr'>Euripidis</span> <span class='ocrx_word' id='word_1_215' title='bbox 900 2096 1150 2138; x_wconf 88' lang='lat' dir='ltr'>auctoritate</span> <span class='ocrx_word' id='word_1_216' title='bbox 1197 2096 1423 2138; x_wconf 88' lang='lat' dir='ltr'>adductum</span> <span class='ocrx_word' id='word_1_217' title='bbox 1455 2111 1573 2152; x_wconf 85' lang='lat' dir='ltr'>esse,</span> <span class='ocrx_word' id='word_1_218' title='bbox 1613 2102 1661 2139; x_wconf 82' lang='lat' dir='ltr'>ut</span> <span class='ocrx_word' id='word_1_219' title='bbox 1691 2113 1762 2154; x_wconf 90' lang='lat' dir='ltr'>po-</span> 
     </span>
     <span class='ocr_line' id='line_1_26' title="bbox 137 2171 1762 2231; baseline 0.002 -18"><span class='ocrx_word' id='word_1_220' title='bbox 137 2171 346 2213; x_wconf 80' lang='lat' dir='ltr'>tissimum</span> <span class='ocrx_word' id='word_1_221' title='bbox 391 2172 489 2215; x_wconf 89' lang='lat' dir='ltr'>huic</span> <span class='ocrx_word' id='word_1_222' title='bbox 539 2173 822 2228; x_wconf 80' lang='lat' dir='ltr'>Anaxagorae</span> <span class='ocrx_word' id='word_1_223' title='bbox 873 2174 1060 2230; x_wconf 87' lang='lat' dir='ltr'>opinioni</span> <span class='ocrx_word' id='word_1_224' title='bbox 1110 2175 1397 2216; x_wconf 87' lang='lat' dir='ltr'>assentiretur.</span> <span class='ocrx_word' id='word_1_225' title='bbox 1459 2175 1570 2216; x_wconf 86' lang='lat' dir='ltr'>Eum</span> <span class='ocrx_word' id='word_1_226' title='bbox 1623 2175 1762 2231; x_wconf 86' lang='lat' dir='ltr'>ipsum</span> 
     </span>
     <span class='ocr_line' id='line_1_27' title="bbox 138 2249 1760 2309; baseline 0.002 -19"><span class='ocrx_word' id='word_1_227' title='bbox 138 2249 244 2290; x_wconf 85' lang='lat' dir='ltr'>nihil</span> <span class='ocrx_word' id='word_1_228' title='bbox 292 2250 345 2291; x_wconf 89' lang='lat' dir='ltr'>ad</span> <span class='ocrx_word' id='word_1_229' title='bbox 389 2251 580 2306; x_wconf 89' lang='lat' dir='ltr'>magistri</span> <span class='ocrx_word' id='word_1_230' title='bbox 612 2252 849 2307; x_wconf 74' lang='lat' dir='ltr'>expositam</span> <span class='ocrx_word' id='word_1_231' title='bbox 881 2252 1113 2293; x_wconf 87' lang='lat' dir='ltr'>doctrinam</span> <span class='ocrx_word' id='word_1_232' title='bbox 1145 2252 1381 2306; x_wconf 88' lang='lat' dir='ltr'>addidisse,</span> <span class='ocrx_word' id='word_1_233' title='bbox 1428 2253 1526 2294; x_wconf 90' lang='lat' dir='ltr'>inde</span> <span class='ocrx_word' id='word_1_234' title='bbox 1557 2257 1760 2309; x_wconf 90' lang='lat' dir='ltr'>apparet,</span> 
     </span>
     <span class='ocr_line' id='line_1_28' title="bbox 137 2327 1762 2386; baseline 0.002 -18"><span class='ocrx_word' id='word_1_235' title='bbox 137 2327 248 2383; x_wconf 93' lang='lat' dir='ltr'>quod</span> <span class='ocrx_word' id='word_1_236' title='bbox 279 2341 423 2369; x_wconf 90' lang='lat' dir='ltr'>eorum</span> <span class='ocrx_word' id='word_1_237' title='bbox 454 2332 619 2370; x_wconf 90' lang='lat' dir='ltr'>tantum</span> <span class='ocrx_word' id='word_1_238' title='bbox 658 2329 868 2370; x_wconf 90' lang='lat' dir='ltr'>doctrinas</span> <span class='ocrx_word' id='word_1_239' title='bbox 905 2329 1152 2385; x_wconf 88' lang='lat' dir='ltr'>descripsit,</span> <span class='ocrx_word' id='word_1_240' title='bbox 1185 2329 1257 2385; x_wconf 88' lang='lat' dir='ltr'>qui</span> <span class='ocrx_word' id='word_1_241' title='bbox 1278 2329 1462 2384; x_wconf 86' lang='lat' dir='ltr'>Epicuro</span> <span class='ocrx_word' id='word_1_242' title='bbox 1484 2334 1624 2372; x_wconf 88' lang='lat' dir='ltr'>aetate</span> <span class='ocrx_word' id='word_1_243' title='bbox 1641 2344 1762 2386; x_wconf 89' lang='lat' dir='ltr'>supe-</span> 
     </span>
     <span class='ocr_line' id='line_1_29' title="bbox 137 2406 1761 2464; baseline 0.002 -18"><span class='ocrx_word' id='word_1_244' title='bbox 137 2406 267 2446; x_wconf 89' lang='lat' dir='ltr'>riores</span> <span class='ocrx_word' id='word_1_245' title='bbox 298 2411 419 2448; x_wconf 86' lang='lat' dir='ltr'>erant</span> <span class='ocrx_word' id='word_1_246' title='bbox 450 2412 492 2448; x_wconf 87' lang='lat' dir='ltr'>et</span> <span class='ocrx_word' id='word_1_247' title='bbox 523 2412 703 2461; x_wconf 87' lang='lat' dir='ltr'>ceteros,</span> <span class='ocrx_word' id='word_1_248' title='bbox 737 2407 805 2463; x_wconf 90' lang='lat' dir='ltr'>qui</span> <span class='ocrx_word' id='word_1_249' title='bbox 841 2407 967 2448; x_wconf 88' lang='lat' dir='ltr'>etiam</span> <span class='ocrx_word' id='word_1_250' title='bbox 1000 2407 1050 2448; x_wconf 89' lang='lat' dir='ltr'>de</span> <span class='ocrx_word' id='word_1_251' title='bbox 1081 2407 1160 2448; x_wconf 89' lang='lat' dir='ltr'>hoc</span> <span class='ocrx_word' id='word_1_252' title='bbox 1192 2408 1281 2449; x_wconf 91' lang='lat' dir='ltr'>loco</span> <span class='ocrx_word' id='word_1_253' title='bbox 1313 2414 1488 2462; x_wconf 86' lang='lat' dir='ltr'>egerant</span> <span class='ocrx_word' id='word_1_254' title='bbox 1519 2412 1561 2450; x_wconf 93' lang='lat' dir='ltr'>et</span> <span class='ocrx_word' id='word_1_255' title='bbox 1584 2422 1761 2464; x_wconf 91' lang='lat' dir='ltr'>quorum</span> 
     </span>
     <span class='ocr_line' id='line_1_30' title="bbox 139 2484 1418 2541; baseline 0.002 -17"><span class='ocrx_word' id='word_1_256' title='bbox 139 2484 297 2539; x_wconf 88' lang='lat' dir='ltr'>placita</span> <span class='ocrx_word' id='word_1_257' title='bbox 317 2485 528 2527; x_wconf 87' lang='lat' dir='ltr'>Diodorus</span> <span class='ocrx_word' id='word_1_258' title='bbox 558 2486 592 2526; x_wconf 92' lang='grc' dir='ltr'>Ι.</span> <span class='ocrx_word' id='word_1_259' title='bbox 627 2487 791 2527; x_wconf 82' lang='lat'>39—41</span> <span class='ocrx_word' id='word_1_260' title='bbox 826 2485 981 2539; x_wconf 85' lang='lat' dir='ltr'>refert,</span> <span class='ocrx_word' id='word_1_261' title='bbox 1013 2500 1183 2541; x_wconf 88' lang='lat' dir='ltr'>prorsus</span> <span class='ocrx_word' id='word_1_262' title='bbox 1214 2486 1418 2541; x_wconf 77' lang='lat' dir='ltr'>neglexit.</span> 
     </span>
    </p>

    <p class='ocr_par' dir='ltr' id='par_1_7' title="bbox 135 2563 1760 3087">
     <span class='ocr_line' id='line_1_31' title="bbox 194 2563 1760 2620; baseline 0.001 -16"><span class='ocrx_word' id='word_1_263' title='bbox 194 2563 356 2604; x_wconf 87' lang='lat' dir='ltr'>Eodem</span> <span class='ocrx_word' id='word_1_264' title='bbox 387 2564 593 2620; x_wconf 85' lang='lat' dir='ltr'>principio</span> <span class='ocrx_word' id='word_1_265' title='bbox 625 2564 801 2617; x_wconf 83' lang='lat' dir='ltr'>ductus,</span> <span class='ocrx_word' id='word_1_266' title='bbox 834 2578 915 2620; x_wconf 90' lang='lat' dir='ltr'>quo</span> <span class='ocrx_word' id='word_1_267' title='bbox 946 2567 1070 2605; x_wconf 87' lang='lat' dir='ltr'>antea</span> <span class='ocrx_word' id='word_1_268' title='bbox 1110 2563 1294 2605; x_wconf 75' lang='lat' dir='ltr'>diximus</span> <span class='ocrx_word' id='word_1_269' title='bbox 1334 2564 1579 2605; x_wconf 89' lang='lat' dir='ltr'>Lucretium</span> <span class='ocrx_word' id='word_1_270' title='bbox 1599 2568 1760 2606; x_wconf 86' lang='lat' dir='ltr'>motum</span> 
     </span>
     <span class='ocr_line' id='line_1_32' title="bbox 138 2642 1759 2699; baseline 0.001 -17"><span class='ocrx_word' id='word_1_271' title='bbox 138 2655 252 2694; x_wconf 89' lang='lat' dir='ltr'>esse,</span> <span class='ocrx_word' id='word_1_272' title='bbox 300 2646 347 2682; x_wconf 89' lang='lat' dir='ltr'>ut</span> <span class='ocrx_word' id='word_1_273' title='bbox 393 2646 508 2683; x_wconf 88' lang='lat' dir='ltr'>certa</span> <span class='ocrx_word' id='word_1_274' title='bbox 553 2642 849 2698; x_wconf 82' lang='lat' dir='ltr'>phaenomena</span> <span class='ocrx_word' id='word_1_275' title='bbox 879 2642 1050 2683; x_wconf 85' lang='lat' dir='ltr'>uberius</span> <span class='ocrx_word' id='word_1_276' title='bbox 1081 2643 1338 2698; x_wconf 85' lang='lat' dir='ltr'>explicaret,</span> <span class='ocrx_word' id='word_1_277' title='bbox 1389 2643 1440 2683; x_wconf 90' lang='lat' dir='ltr'>dc</span> <span class='ocrx_word' id='word_1_278' title='bbox 1470 2643 1599 2697; x_wconf 74' lang='lat' dir='ltr'>loeis,</span> <span class='ocrx_word' id='word_1_279' title='bbox 1652 2657 1759 2699; x_wconf 91' lang='lat' dir='ltr'>quae</span> 
     </span>
     <span class='ocr_line' id='line_1_33' title="bbox 136 2718 1760 2774; baseline 0.002 -15"><span class='ocrx_word' id='word_1_280' title='bbox 136 2718 309 2760; x_wconf 88' lang='lat' dir='ltr'>Averna</span> <span class='ocrx_word' id='word_1_281' title='bbox 348 2724 496 2774; x_wconf 83' lang='lat' dir='ltr'>vocat,</span> <span class='ocrx_word' id='word_1_282' title='bbox 544 2720 715 2761; x_wconf 86' lang='lat' dir='ltr'>uberius</span> <span class='ocrx_word' id='word_1_283' title='bbox 762 2719 928 2760; x_wconf 88' lang='lat' dir='ltr'>disserit</span> <span class='ocrx_word' id='word_1_284' title='bbox 961 2720 1038 2773; x_wconf 83' lang='lat' dir='ltr'>(vs.</span> <span class='ocrx_word' id='word_1_285' title='bbox 1074 2721 1332 2774; x_wconf 72' lang='lat'>738—848).</span> <span class='ocrx_word' id='word_1_286' title='bbox 1393 2720 1554 2768; x_wconf 83' lang='lat' dir='ltr'>Quibus</span> <span class='ocrx_word' id='word_1_287' title='bbox 1585 2720 1628 2761; x_wconf 89' lang='lat' dir='ltr'>in</span> <span class='ocrx_word' id='word_1_288' title='bbox 1658 2721 1760 2762; x_wconf 87' lang='lat' dir='ltr'>locis</span> 
     </span>
     <span class='ocr_line' id='line_1_34' title="bbox 136 2797 1759 2854; baseline 0.002 -17"><span class='ocrx_word' id='word_1_289' title='bbox 136 2810 248 2837; x_wconf 88' lang='lat' dir='ltr'>mors</span> <span class='ocrx_word' id='word_1_290' title='bbox 292 2811 471 2852; x_wconf 87' lang='lat' dir='ltr'>regnare</span> <span class='ocrx_word' id='word_1_291' title='bbox 513 2797 759 2852; x_wconf 82' lang='lat' dir='ltr'>videbatur3</span> <span class='ocrx_word' id='word_1_292' title='bbox 808 2797 908 2838; x_wconf 88' lang='lat' dir='ltr'>deos</span> <span class='ocrx_word' id='word_1_293' title='bbox 940 2797 1092 2838; x_wconf 84' lang='lat' dir='ltr'>deasve</span> <span class='ocrx_word' id='word_1_294' title='bbox 1124 2797 1183 2838; x_wconf 88' lang='lat' dir='ltr'>ibi</span> <span class='ocrx_word' id='word_1_295' title='bbox 1213 2797 1390 2852; x_wconf 74' lang='lat' dir='ltr'>vigilare</span> <span class='ocrx_word' id='word_1_296' title='bbox 1422 2798 1643 2854; x_wconf 87' lang='lat' dir='ltr'>quominus</span> <span class='ocrx_word' id='word_1_297' title='bbox 1672 2798 1759 2840; x_wconf 89' lang='lat' dir='ltr'>ani-</span> 
     </span>
     <span class='ocr_line' id='line_1_35' title="bbox 135 2875 1758 2931; baseline 0.001 -15"><span class='ocrx_word' id='word_1_298' title='bbox 135 2875 263 2916; x_wconf 88' lang='lat' dir='ltr'>malia</span> <span class='ocrx_word' id='word_1_299' title='bbox 307 2876 515 2917; x_wconf 88' lang='lat' dir='ltr'>intrarent</span> <span class='ocrx_word' id='word_1_300' title='bbox 548 2877 809 2930; x_wconf 57' lang='lat'>(753—-540,</span> <span class='ocrx_word' id='word_1_301' title='bbox 854 2876 924 2917; x_wconf 88' lang='lat' dir='ltr'>vel</span> <span class='ocrx_word' id='word_1_302' title='bbox 953 2875 1182 2917; x_wconf 91' lang='lat' dir='ltr'>inferorum</span> <span class='ocrx_word' id='word_1_303' title='bbox 1212 2875 1271 2917; x_wconf 90' lang='lat' dir='ltr'>ibi</span> <span class='ocrx_word' id='word_1_304' title='bbox 1302 2880 1444 2931; x_wconf 86' lang='lat' dir='ltr'>portas</span> <span class='ocrx_word' id='word_1_305' title='bbox 1475 2890 1565 2917; x_wconf 86' lang='lat' dir='ltr'>esse</span> <span class='ocrx_word' id='word_1_306' title='bbox 1597 2880 1640 2918; x_wconf 92' lang='lat' dir='ltr'>et</span> <span class='ocrx_word' id='word_1_307' title='bbox 1670 2876 1758 2918; x_wconf 89' lang='lat' dir='ltr'>ani-</span> 
     </span>
     <span class='ocr_line' id='line_1_36' title="bbox 135 2952 1756 3009; baseline 0.001 -15"><span class='ocrx_word' id='word_1_308' title='bbox 135 2966 225 2993; x_wconf 88' lang='lat' dir='ltr'>mas</span> <span class='ocrx_word' id='word_1_309' title='bbox 254 2952 354 2994; x_wconf 90' lang='lat' dir='ltr'>hinc</span> <span class='ocrx_word' id='word_1_310' title='bbox 385 2968 410 2994; x_wconf 90' lang='lat' dir='ltr'>a</span> <span class='ocrx_word' id='word_1_311' title='bbox 441 2953 520 2995; x_wconf 90' lang='lat' dir='ltr'>diis</span> <span class='ocrx_word' id='word_1_312' title='bbox 550 2953 811 2995; x_wconf 88' lang='lat' dir='ltr'>Acheruntis</span> <span class='ocrx_word' id='word_1_313' title='bbox 840 2954 884 2994; x_wconf 92' lang='lat' dir='ltr'>in</span> <span class='ocrx_word' id='word_1_314' title='bbox 915 2968 1009 2995; x_wconf 86' lang='lat' dir='ltr'>oras</span> <span class='ocrx_word' id='word_1_315' title='bbox 1040 2953 1164 3007; x_wconf 91' lang='lat' dir='ltr'>duci,</span> <span class='ocrx_word' id='word_1_316' title='bbox 1196 2953 1386 2995; x_wconf 89' lang='lat' dir='ltr'>cecinere</span> <span class='ocrx_word' id='word_1_317' title='bbox 1418 2957 1582 3009; x_wconf 89' lang='lat' dir='ltr'>poetae.</span> <span class='ocrx_word' id='word_1_318' title='bbox 1649 2954 1756 2996; x_wconf 83' lang='lat' dir='ltr'>Cum</span> 
     </span>
     <span class='ocr_line' id='line_1_37' title="bbox 137 3031 1757 3087; baseline 0.001 -16"><span class='ocrx_word' id='word_1_319' title='bbox 137 3043 239 3085; x_wconf 87' lang='lat' dir='ltr'>ergo</span> <span class='ocrx_word' id='word_1_320' title='bbox 286 3031 491 3073; x_wconf 90' lang='lat' dir='ltr'>eiusmodi</span> <span class='ocrx_word' id='word_1_321' title='bbox 530 3032 727 3087; x_wconf 86' lang='lat' dir='ltr'>regiones</span> <span class='ocrx_word' id='word_1_322' title='bbox 768 3031 986 3073; x_wconf 89' lang='lat' dir='ltr'>hominum</span> <span class='ocrx_word' id='word_1_323' title='bbox 1027 3031 1190 3074; x_wconf 87' lang='lat' dir='ltr'>animos</span> <span class='ocrx_word' id='word_1_324' title='bbox 1221 3035 1379 3073; x_wconf 90' lang='lat' dir='ltr'>terrore</span> <span class='ocrx_word' id='word_1_325' title='bbox 1411 3035 1454 3072; x_wconf 91' lang='lat' dir='ltr'>et</span> <span class='ocrx_word' id='word_1_326' title='bbox 1484 3045 1640 3086; x_wconf 88' lang='lat' dir='ltr'>angore</span> <span class='ocrx_word' id='word_1_327' title='bbox 1670 3031 1757 3073; x_wconf 83' lang='lat' dir='ltr'>affi-</span> 
     </span>
    </p>
   </div>
   <div class='ocr_carea' id='block_1_3' title="bbox 1887 2580 1894 3019">
    <p class='ocr_par' dir='ltr' id='par_1_8' title="bbox 1887 2580 1894 3019">
     <span class='ocr_line' id='line_1_38' title="bbox 1887 2580 1894 3019; textangle 90"><span class='ocrx_word' id='word_1_328' title='bbox 1887 2746 1894 3019; x_wconf 44' lang='grc' dir='ltr'>..Ηψμ--ῌ</span> <span class='ocrx_word' id='word_1_329' title='bbox 1893 2703 1894 2706; x_wconf 29' lang='grc' dir='ltr'><em>Α</em></span> <span class='ocrx_word' id='word_1_330' title='bbox 1892 2674 1894 2679; x_wconf 80' lang='grc'>.</span> <span class='ocrx_word' id='word_1_331' title='bbox 1893 2610 1894 2613; x_wconf 29' lang='grc' dir='ltr'><em>Α</em></span> <span class='ocrx_word' id='word_1_332' title='bbox 1892 2580 1894 2582; x_wconf 98' lang='grc'>.</span> 
     </span>
    </p>
   </div>
  </div>
 </body>
</html>
