1894 3235
887 129 938 169 87

126 260 239 315 Ergo
285 275 379 302 cum
409 276 559 317 aquam
592 261 792 315 effundo,
825 262 914 303 eius
945 262 1185 318 superficies
1217 276 1266 304 ea
1300 262 1419 303 reicit
1453 262 1666 303 stellarum
1697 262 1746 303 si-

125 339 337 392 mulacra,
370 353 476 394 quae
508 339 591 380 iam
622 353 752 394 prope
785 344 939 380 terram
970 344 1065 381 sunt
1096 341 1182 381 lata
1211 353 1347 395 neque
1379 343 1520 380 tamen
1540 339 1743 392 visibilia,

125 416 205 456 nisi
258 417 545 471 „speculorum
591 431 642 457 ex
689 431 868 472 aequore
899 418 1182 458 reiciuntur”:
1222 430 1353 472 aeque
1400 431 1447 458 ac
1477 416 1641 471 physici
1670 431 1745 457 nos

127 493 276 534 docent
305 508 388 534 non
421 494 557 535 sidera
589 509 664 535 nos
696 495 838 535 videre
870 495 1009 550 qualia
1039 510 1149 536 nunc
1182 499 1304 548 sunt,
1352 495 1424 535 sed
1456 494 1595 550 qualia
1626 498 1744 535 erant

126 585 219 611 cum
250 571 387 611 radios
419 571 687 624 emitterent,
720 572 791 626 qui
822 571 874 611 ad
907 572 1047 612 oculos
1078 576 1243 612 nostros
1273 575 1572 627 pervenerunt.

181 648 337 688 Multas
382 648 576 702 praebuit
622 648 725 689 haec
758 648 930 703 Epicuri
963 648 1012 689 de
1045 649 1275 689 simulacris
1308 648 1495 689 doctrina
1527 647 1744 688 difficulta-

124 729 187 765 tes
234 725 414 780 antiquis
456 729 497 765 et
527 725 646 766 nobis
678 726 882 780 praebet,
928 741 1030 781 quas
1060 740 1113 766 ne
1147 726 1372 767 Lucretius
1404 725 1573 781 quidem
1606 729 1742 765 sustu-

123 802 185 841 lit.
246 801 387 842 Unam
427 806 592 842 tantum
636 803 880 843 afferamus:
928 802 1133 858 quomodo
1180 807 1354 857 possunt
1402 816 1651 856 magnarum
1681 815 1744 842 10-

125 893 217 919 111111
260 879 465 933 imagines
508 880 551 920 in
598 881 737 921 0011100
791 886 952 921 nostros
1000 882 1087 935 (per
1129 880 1257 933 acies)
1300 881 1494 920 intrare?
1553 880 1744 935 Uterque

124 957 265 1009 enim,
312 957 534 997 Lucretius
576 962 616 997 et
658 957 893 1012 Epicurus,
945 957 1065 998 docet
1115 957 1321 1011 imagines
1368 957 1536 998 dissolvi
1583 972 1607 998 a
1657 971 1744 998 cor-

123 1048 271 1089 porum
333 1035 550 1089 superficie
596 1036 655 1075 ita
700 1040 746 1075 ut
793 1040 1026 1076 atomorum
1075 1035 1262 1076 ordinem
1304 1039 1345 1076 et
1385 1035 1616 1090 posituram
1661 1049 1744 1076 ser-

123 1116 223 1153 vent
247 1113 300 1166 ¹),
351 1117 392 1153 et
432 1112 583 1153 formas
615 1113 771 1153 similes
802 1113 985 1153 habeant
1017 1127 1238 1168 corporum
1269 1113 1412 1154 formis
1431 1112 1493 1167 2);
1543 1127 1641 1167 ergo
1673 1127 1744 1153 ne-

125 1204 239 1231 00000
280 1194 342 1231 est
375 1190 551 1231 eandem
582 1190 764 1231 habeant
795 1190 1129 1244 magnitudinem
1161 1191 1384 1231 simulacra
1415 1195 1541 1246 atque
1574 1205 1746 1246 corpora

125 1268 236 1309 unde
283 1268 599 1323 proficiscantur
616 1268 660 1318 3).
723 1269 930 1323 Epicurus
974 1283 1072 1309 sane
1106 1269 1232 1309 dicit:
1281 1268 1380 1311 κατά
1415 1270 1462 1310 τὸ
1494 1270 1746 1324 ἐναρμόττον

122 1348 306 1402 μέγεθος
339 1349 396 1395 εἰς
427 1348 502 1396 τὴν
535 1348 632 1401 ὄψιν
656 1346 678 1395 ἢ
700 1349 775 1395 τὴν
798 1345 982 1389 διάνοιαν
1006 1347 1138 1395 ὠκέως
1161 1353 1252 1395 ταῖς
1274 1353 1422 1402 φοραῖς
1445 1349 1670 1402 χρωμένων
1687 1345 1744 1400 4),

124 1423 197 1464 sed
245 1428 413 1479 praeter
459 1424 757 1464 obscuritatem
803 1423 845 1463 111
887 1423 1025 1464 verbis
1057 1423 1156 1465 mm*
1187 1425 1233 1465 τὸ
1265 1423 1517 1479 ἐυαρμόττὸν
1547 1426 1745 1480 μέγεθος,

124 1504 197 1558 qui
244 1502 412 1544 tandem
456 1502 506 1542 (10
537 1502 826 1556 magnitudine
858 1516 997 1542 10111111
1028 1501 1213 1542 iudicare
1245 1515 1492 1556 possumus,
1535 1501 1613 1542 nisi
1643 1502 1744 1542 ima-

124 1580 243 1634 gines
289 1579 465 1620 eandem
511 1578 694 1619 habeant
741 1578 1076 1632 magnitudinem
1113 1582 1238 1633 atque
1277 1592 1451 1632 corpora
1481 1577 1592 1618 unde
1623 1578 1744 1632 profi-

124 1658 363 1698 ciscantur?
424 1657 520 1712 Ipse
566 1660 687 1712 putat
734 1656 831 1697 solis
872 1656 1100 1710 imaginem
1131 1655 1250 1696 nobis
1290 1656 1379 1696 eius
1409 1656 1744 1710 magnitudinem

126 1734 345 1776 ostendere
363 1732 404 1788 5).
439 1759 491 1763 —
523 1735 752 1775 Praeterea
784 1735 928 1789 quaeri
958 1738 1097 1789 potest
1129 1748 1201 1774 cur
1246 1734 1289 1774 in
1321 1733 1507 1774 tenebris
1540 1748 1609 1774 eas
1640 1734 1743 1774 ima-

123 1814 242 1868 gines
273 1827 357 1854 non
388 1813 669 1868 percipiamus
687 1814 705 1853 i>
747 1812 830 1854 Sed
853 1813 952 1854 satis
972 1813 1056 1852 iam
1078 1812 1182 1853 haec
1205 1816 1302 1852 sunt
1322 1816 1369 1853 ut
1391 1812 1583 1853 Ciceroni
1605 1826 1743 1853 assen-

122 1892 276 1933 tiamur
323 1891 502 1932 dicenti:
553 1890 755 1945 „puderet
801 1903 867 1930 me
915 1889 1052 1930 dicere
1098 1903 1181 1930 non
1212 1889 1462 1944 intellegere
1496 1889 1530 1930 si
1560 1904 1634 1930 vos
1663 1890 1745 1946 ipsi

123 1969 450 2023 intellegeretis,
497 1968 567 2024 qui
597 1968 678 2008 ista
709 1967 958 2008 defenditis'’
979 1969 1020 2020 ὓ).

180 2046 236 2087 Et
265 2051 409 2088 tamen
439 2046 631 2087 omnibus
662 2045 879 2101 perpensis
909 2045 1047 2086 facere
1079 2059 1162 2086 non
1192 2059 1435 2100 possumus,
1469 2046 1569 2101 quin
1600 2045 1651 2086 iis
1671 2045 1744 2087 ho-

127 2125 261 2166 dierni
292 2124 493 2179 temporis
524 2123 785 2179 philosophis
816 2123 1118 2176 assentiamur,
1151 2123 1221 2178 qui
1255 2137 1438 2164 summas
1469 2123 1613 2164 laudes
1644 2123 1745 2179 Epi-

124 2203 260 2243 cureis
310 2202 502 2243 tribuunt
549 2206 589 2243 et
636 2202 687 2242 ob
735 2202 934 2242 scientiae
980 2201 1186 2242 rationem
1228 2205 1270 2242 et
1299 2202 1436 2255 viam,
1477 2216 1579 2257 quas
1611 2202 1743 2242 secuti

124 2283 244 2333 sunt,
285 2293 380 2320 011111
418 2293 566 2319 verum
602 2279 853 2334 principium
894 2278 970 2319 toti
1010 2278 1302 2333 philosophiae
1349 2281 1563 2333 tamquam
1599 2277 1744 2318 funda-

124 2361 315 2398 mentum
359 2356 634 2409 subiecerint,
674 2381 726 2385 —
760 2360 802 2397 et
834 2356 884 2397 ob
920 2356 1192 2410 sagacitatem
1216 2360 1257 2396 et
1290 2355 1562 2408 industriam,
1594 2355 1744 2411 quibus

168 2491 175 2510 ¹
236 2491 276 2523 D.
294 2491 331 2523 L.
357 2491 400 2522 X.
425 2494 464 2523 46
480 2517 487 2531 ‚
512 2494 551 2523 48
566 2516 573 2531 ‚
598 2493 753 2528 σώζουσα
779 2493 841 2530 τὴν
865 2491 919 2523 ἐπὶ
938 2493 995 2523 τοῦ
1013 2492 1202 2532 στερεμνίου
1219 2491 1313 2522 θέσιν
1331 2491 1387 2522 καὶ
1405 2490 1502 2526 τάξιν
1519 2492 1585 2521 τῶν
1601 2488 1743 2530 ἀτόμων.

236 2554 294 2585 IV.
320 2556 371 2585 45.
395 2554 437 2585 D.
462 2554 499 2585 L.
526 2555 567 2586 X.
593 2556 632 2585 49
652 2580 659 2586 .
678 2579 684 2586 .
710 2555 881 2595 ὁμοχρόων
906 2566 939 2585 τε
963 2555 1017 2585 καὶ
1042 2554 1279 2595 ὁμοιομόρφων.

165 2616 178 2635 3
239 2615 298 2648 IV.
323 2619 363 2647 44
386 2616 592 2648 membranae
615 2616 668 2647 vel
690 2620 810 2647 cortex.

237 2678 278 2709 D.
303 2678 341 2710 L.
367 2677 409 2709 X.
434 2680 486 2710 49.

165 2740 190 2782 ⁵)
239 2740 282 2771 D.
307 2740 344 2771 L.
370 2740 413 2771 Χ.
439 2741 476 2770 91
493 2764 500 2778 ,
535 2743 573 2774 τὸ
608 2740 638 2772 δὲ
662 2740 799 2782 μέγεθος
824 2742 881 2771 τοῦ
906 2740 1026 2779 ἡλίου.
1052 2763 1059 2770 .
1083 2740 1284 2778 τηλικοῦτόν
1313 2740 1403 2771 ἐστιν
1426 2738 1547 2777 ἡλίκον
1569 2739 1740 2780 φαίνεταιε

166 2554 178 2573 «0

181 2495 191 2718 κόκκνν

166 2679 178 2697 4

121 2805 149 2835 εἰ
179 2805 261 2847 γὰρ,
296 2802 397 2842 φησί,
436 2806 472 2836 τὸ
506 2804 643 2845 μέγεθος
677 2803 729 2834 διὰ
761 2804 799 2834 τὸ
834 2803 1002 2844 διάστημα
1025 2802 1276 2843 ἀπεβεβλήκει,
1313 2803 1434 2843 πολλῷ
1456 2802 1499 2834 ἄν
1522 2803 1655 2844 μᾶλλον
1680 2803 1743 2841 τὴν

127 2870 244 2909 χρόαν.

166 2929 194 2967 ⁶)
240 2928 307 2961 Cic.
331 2929 370 2960 de
393 2928 471 2959 Nat.
496 2928 579 2959 deor.
604 2928 642 2959 I:
674 2929 724 2967 39,
753 2929 821 2960 109.
847 2927 987 2969 (Multae
1009 2937 1139 2965 earum,
1164 2936 1244 2968 quas
1267 2925 1379 2958 Cicero
1399 2925 1454 2957 hic
1475 2925 1618 2967 Epicuro
1641 2925 1740 2958 obicit

128 2992 356 3023 difficultatum
370 3016 378 3030 ,
402 3002 439 3023 eo
462 2991 611 3022 oriuntur
625 3015 632 3029 ‚
661 2991 746 3031 quod
769 2990 837 3031 ipse
861 2990 1019 3021 Graecum
1041 2989 1269 3030 philosophum
1292 2999 1357 3021 non
1378 2988 1542 3030 perlegit.)
