<?xml version="1.0" encoding="UTF-8"?>
<!DOCTYPE html PUBLIC "-//W3C//DTD XHTML 1.0 Transitional//EN"
    "http://www.w3.org/TR/xhtml1/DTD/xhtml1-transitional.dtd">
<html xmlns="http://www.w3.org/1999/xhtml" xml:lang="en" lang="en">
 <head>
  <title>
</title>
<meta http-equiv="Content-Type" content="text/html;charset=utf-8" />
  <meta name='ocr-system' content='tesseract 3.04.00' />
  <meta name='ocr-capabilities' content='ocr_page ocr_carea ocr_par ocr_line ocrx_word'/>
</head>
<body>
  <div class='ocr_page' id='page_1' title='image "./lucretiiphilosop00woltuoft_0057.png"; bbox 0 0 1894 3235; ppageno 0'>
   <div class='ocr_carea' id='block_1_1' title="bbox 880 124 933 164">
    <p class='ocr_par' dir='ltr' id='par_1_1' title="bbox 880 124 933 164">
     <span class='ocr_line' id='line_1_1' title="bbox 880 124 933 164; baseline 0 0"><span class='ocrx_word' id='word_1_1' title='bbox 880 124 933 164; x_wconf 90' lang='lat'>43</span> 
     </span>
    </p>
   </div>
   <div class='ocr_carea' id='block_1_2' title="bbox 102 250 1727 2479">
    <p class='ocr_par' dir='ltr' id='par_1_2' title="bbox 102 250 1716 626">
     <span class='ocr_line' id='line_1_2' title="bbox 102 250 1713 313; baseline -0.006 -12"><span class='ocrx_word' id='word_1_2' title='bbox 102 261 225 302; x_wconf 86' lang='lat' dir='ltr'>Hane</span> <span class='ocrx_word' id='word_1_3' title='bbox 257 260 505 300; x_wconf 84' lang='lat' dir='ltr'>sententiam</span> <span class='ocrx_word' id='word_1_4' title='bbox 541 258 652 313; x_wconf 88' lang='lat' dir='ltr'>apud</span> <span class='ocrx_word' id='word_1_5' title='bbox 668 258 897 312; x_wconf 81' lang='lat' dir='ltr'>Epicurum</span> <span class='ocrx_word' id='word_1_6' title='bbox 918 270 1081 312; x_wconf 92' lang='lat' dir='ltr'>quoque</span> <span class='ocrx_word' id='word_1_7' title='bbox 1103 255 1361 296; x_wconf 81' lang='lat' dir='ltr'>invenimus:</span> <span class='ocrx_word' id='word_1_8' title='bbox 1389 258 1479 300; x_wconf 83' lang='grc' dir='ltr'><em>ταῖς</em></span> <span class='ocrx_word' id='word_1_9' title='bbox 1497 250 1713 306; x_wconf 72' lang='grc' dir='ltr'>διαφοραῖς·</span> 
     </span>
     <span class='ocr_line' id='line_1_3' title="bbox 103 328 1716 394; baseline -0.008 -14"><span class='ocrx_word' id='word_1_10' title='bbox 103 339 186 394; x_wconf 77' lang='grc' dir='ltr'>οὐχ</span> <span class='ocrx_word' id='word_1_11' title='bbox 217 338 362 387; x_wconf 75' lang='grc' dir='ltr'>ἁπλῶς</span> <span class='ocrx_word' id='word_1_12' title='bbox 395 337 551 390; x_wconf 70' lang='grc' dir='ltr'>ἄπειροι</span> <span class='ocrx_word' id='word_1_13' title='bbox 585 339 701 386; x_wconf 77' lang='grc' dir='ltr'>(εἰσιν</span> <span class='ocrx_word' id='word_1_14' title='bbox 732 336 892 388; x_wconf 70' lang='grc' dir='ltr'>ἄτομοι)</span> <span class='ocrx_word' id='word_1_15' title='bbox 927 335 1038 377; x_wconf 76' lang='grc' dir='ltr'>ἀλλὰ</span> <span class='ocrx_word' id='word_1_16' title='bbox 1071 336 1207 387; x_wconf 75' lang='grc' dir='ltr'>μόνον</span> <span class='ocrx_word' id='word_1_17' title='bbox 1240 333 1509 387; x_wconf 78' lang='grc' dir='ltr'>ἀπερίληπτοι</span> <span class='ocrx_word' id='word_1_18' title='bbox 1532 332 1572 378; x_wconf 86' lang='lat'>¹).</span> <span class='ocrx_word' id='word_1_19' title='bbox 1606 328 1716 368; x_wconf 82' lang='lat' dir='ltr'>Eum</span> 
     </span>
     <span class='ocr_line' id='line_1_4' title="bbox 104 406 1716 467; baseline -0.007 -12"><span class='ocrx_word' id='word_1_20' title='bbox 104 414 404 456; x_wconf 87' lang='lat' dir='ltr'>eiusdemmodi</span> <span class='ocrx_word' id='word_1_21' title='bbox 435 418 729 467; x_wconf 77' lang='lat' dir='ltr'>argumentum</span> <span class='ocrx_word' id='word_1_22' title='bbox 751 412 990 453; x_wconf 68' lang='lat' dir='ltr'>adhibuisse</span> <span class='ocrx_word' id='word_1_23' title='bbox 1014 415 1187 467; x_wconf 81' lang='lat' dir='ltr'>apparet</span> <span class='ocrx_word' id='word_1_24' title='bbox 1208 424 1262 450; x_wconf 85' lang='lat' dir='ltr'>ex</span> <span class='ocrx_word' id='word_1_25' title='bbox 1284 423 1355 461; x_wconf 82' lang='lat' dir='ltr'>e0‚</span> <span class='ocrx_word' id='word_1_26' title='bbox 1379 407 1488 463; x_wconf 92' lang='lat' dir='ltr'>quod</span> <span class='ocrx_word' id='word_1_27' title='bbox 1505 406 1716 460; x_wconf 79' lang='lat' dir='ltr'>Diogenes</span> 
     </span>
     <span class='ocr_line' id='line_1_5' title="bbox 103 483 1716 545; baseline -0.006 -12"><span class='ocrx_word' id='word_1_28' title='bbox 103 493 296 533; x_wconf 79' lang='lat' dir='ltr'>Laertius</span> <span class='ocrx_word' id='word_1_29' title='bbox 327 492 379 532; x_wconf 90' lang='lat' dir='ltr'>ad</span> <span class='ocrx_word' id='word_1_30' title='bbox 410 492 564 544; x_wconf 80' lang='lat' dir='ltr'>verba,</span> <span class='ocrx_word' id='word_1_31' title='bbox 598 505 703 545; x_wconf 86' lang='lat' dir='ltr'>quae</span> <span class='ocrx_word' id='word_1_32' title='bbox 736 490 1015 545; x_wconf 76' lang='lat' dir='ltr'>praecedunt,</span> <span class='ocrx_word' id='word_1_33' title='bbox 1047 488 1261 544; x_wconf 86' lang='lat' dir='ltr'>probanda</span> <span class='ocrx_word' id='word_1_34' title='bbox 1291 486 1438 528; x_wconf 86' lang='lat' dir='ltr'>affert:</span> <span class='ocrx_word' id='word_1_35' title='bbox 1481 483 1574 526; x_wconf 61' lang='grc' dir='ltr'>οὐδὲ</span> <span class='ocrx_word' id='word_1_36' title='bbox 1607 484 1716 538; x_wconf 70' lang='grc' dir='ltr'>Ὑᾶρ,</span> 
     </span>
     <span class='ocr_line' id='line_1_6' title="bbox 104 564 1257 626; baseline -0.005 -14"><span class='ocrx_word' id='word_1_37' title='bbox 104 574 229 626; x_wconf 78' lang='grc' dir='ltr'>φησὶν</span> <span class='ocrx_word' id='word_1_38' title='bbox 261 568 483 623; x_wconf 71' lang='grc' dir='ltr'>ἐνδοτέρω,</span> <span class='ocrx_word' id='word_1_39' title='bbox 517 572 574 617; x_wconf 77' lang='grc' dir='ltr'>εἰς</span> <span class='ocrx_word' id='word_1_40' title='bbox 605 568 773 623; x_wconf 71' lang='grc' dir='ltr'>ἄπειρον</span> <span class='ocrx_word' id='word_1_41' title='bbox 805 570 828 616; x_wconf 80' lang='grc' dir='ltr'>ἡ</span> <span class='ocrx_word' id='word_1_42' title='bbox 861 570 965 620; x_wconf 79' lang='grc' dir='ltr'>τομὴ</span> <span class='ocrx_word' id='word_1_43' title='bbox 997 569 1194 623; x_wconf 74' lang='grc' dir='ltr'>τυγχάνει</span> <span class='ocrx_word' id='word_1_44' title='bbox 1214 564 1257 619; x_wconf 78' lang='grc'>2).</span> 
     </span>
    </p>

    <p class='ocr_par' dir='ltr' id='par_1_3' title="bbox 103 644 1722 1785">
     <span class='ocr_line' id='line_1_7' title="bbox 161 644 1715 699; baseline -0.006 -11"><span class='ocrx_word' id='word_1_45' title='bbox 161 647 266 689; x_wconf 82' lang='lat' dir='ltr'>Cum</span> <span class='ocrx_word' id='word_1_46' title='bbox 312 652 451 687; x_wconf 85' lang='lat' dir='ltr'>autem</span> <span class='ocrx_word' id='word_1_47' title='bbox 482 660 680 686; x_wconf 87' lang='lat' dir='ltr'>numerus</span> <span class='ocrx_word' id='word_1_48' title='bbox 713 646 940 699; x_wconf 84' lang='lat' dir='ltr'>figurarum</span> <span class='ocrx_word' id='word_1_49' title='bbox 973 644 1026 684; x_wconf 90' lang='lat' dir='ltr'>sit</span> <span class='ocrx_word' id='word_1_50' title='bbox 1057 644 1221 696; x_wconf 76' lang='lat' dir='ltr'>finitus,</span> <span class='ocrx_word' id='word_1_51' title='bbox 1254 655 1451 682; x_wconf 89' lang='lat' dir='ltr'>numerus</span> <span class='ocrx_word' id='word_1_52' title='bbox 1483 644 1715 681; x_wconf 88' lang='lat' dir='ltr'>atomorum</span> 
     </span>
     <span class='ocr_line' id='line_1_8' title="bbox 104 717 1715 781; baseline -0.006 -17"><span class='ocrx_word' id='word_1_53' title='bbox 104 724 303 779; x_wconf 83' lang='lat' dir='ltr'>cuiusque</span> <span class='ocrx_word' id='word_1_54' title='bbox 334 723 499 777; x_wconf 89' lang='lat' dir='ltr'>generis</span> <span class='ocrx_word' id='word_1_55' title='bbox 530 723 717 781; x_wconf 80' lang='lat' dir='ltr'>infinitus</span> <span class='ocrx_word' id='word_1_56' title='bbox 750 735 838 762; x_wconf 82' lang='lat' dir='ltr'>esse</span> <span class='ocrx_word' id='word_1_57' title='bbox 872 721 996 761; x_wconf 89' lang='lat' dir='ltr'>debet</span> <span class='ocrx_word' id='word_1_58' title='bbox 1018 721 1062 769; x_wconf 82' lang='lat'>3).</span> <span class='ocrx_word' id='word_1_59' title='bbox 1124 720 1183 760; x_wconf 86' lang='lat' dir='ltr'>At</span> <span class='ocrx_word' id='word_1_60' title='bbox 1200 720 1373 759; x_wconf 86' lang='lat' dir='ltr'>fortasse</span> <span class='ocrx_word' id='word_1_61' title='bbox 1396 717 1568 769; x_wconf 73' lang='lat' dir='ltr'>obicies,</span> <span class='ocrx_word' id='word_1_62' title='bbox 1592 729 1715 771; x_wconf 87' lang='lat' dir='ltr'>quae-</span> 
     </span>
     <span class='ocr_line' id='line_1_9' title="bbox 104 795 1715 855; baseline -0.006 -13"><span class='ocrx_word' id='word_1_63' title='bbox 104 801 199 842; x_wconf 90' lang='lat' dir='ltr'>dam</span> <span class='ocrx_word' id='word_1_64' title='bbox 231 814 320 841; x_wconf 88' lang='lat' dir='ltr'>esse</span> <span class='ocrx_word' id='word_1_65' title='bbox 352 801 549 841; x_wconf 84' lang='lat' dir='ltr'>animalia</span> <span class='ocrx_word' id='word_1_66' title='bbox 579 814 685 855; x_wconf 79' lang='lat' dir='ltr'>quae</span> <span class='ocrx_word' id='word_1_67' title='bbox 716 814 809 840; x_wconf 84' lang='lat' dir='ltr'>rara</span> <span class='ocrx_word' id='word_1_68' title='bbox 839 799 1107 839; x_wconf 76' lang='lat' dir='ltr'>inveniantur</span> <span class='ocrx_word' id='word_1_69' title='bbox 1140 802 1180 838; x_wconf 90' lang='lat' dir='ltr'>et</span> <span class='ocrx_word' id='word_1_70' title='bbox 1212 797 1308 837; x_wconf 85' lang='lat' dir='ltr'>inde</span> <span class='ocrx_word' id='word_1_71' title='bbox 1331 795 1446 851; x_wconf 90' lang='lat' dir='ltr'>sequi</span> <span class='ocrx_word' id='word_1_72' title='bbox 1470 799 1715 845; x_wconf 84' lang='lat' dir='ltr'>atomorum,</span> 
     </span>
     <span class='ocr_line' id='line_1_10' title="bbox 104 871 1716 934; baseline -0.005 -15"><span class='ocrx_word' id='word_1_73' title='bbox 104 893 126 920; x_wconf 90' lang='lat' dir='ltr'>e</span> <span class='ocrx_word' id='word_1_74' title='bbox 158 879 308 934; x_wconf 86' lang='lat' dir='ltr'>quibus</span> <span class='ocrx_word' id='word_1_75' title='bbox 338 879 409 918; x_wconf 89' lang='lat' dir='ltr'>illa</span> <span class='ocrx_word' id='word_1_76' title='bbox 440 879 548 919; x_wconf 82' lang='lat' dir='ltr'>faeta</span> <span class='ocrx_word' id='word_1_77' title='bbox 580 878 682 930; x_wconf 81' lang='lat' dir='ltr'>sint,</span> <span class='ocrx_word' id='word_1_78' title='bbox 718 891 939 917; x_wconf 87' lang='lat' dir='ltr'>numerum</span> <span class='ocrx_word' id='word_1_79' title='bbox 971 890 1054 916; x_wconf 90' lang='lat' dir='ltr'>non</span> <span class='ocrx_word' id='word_1_80' title='bbox 1071 875 1280 915; x_wconf 84' lang='lat' dir='ltr'>infinitum</span> <span class='ocrx_word' id='word_1_81' title='bbox 1303 887 1406 914; x_wconf 90' lang='lat' dir='ltr'>esse.</span> <span class='ocrx_word' id='word_1_82' title='bbox 1449 871 1716 927; x_wconf 79' lang='lat' dir='ltr'>Respondet,</span> 
     </span>
     <span class='ocr_line' id='line_1_11' title="bbox 103 948 1718 1008; baseline -0.006 -11"><span class='ocrx_word' id='word_1_83' title='bbox 103 957 146 998; x_wconf 90' lang='lat' dir='ltr'>ni</span> <span class='ocrx_word' id='word_1_84' title='bbox 176 957 364 997; x_wconf 86' lang='lat' dir='ltr'>infinitus</span> <span class='ocrx_word' id='word_1_85' title='bbox 395 961 503 997; x_wconf 89' lang='lat' dir='ltr'>esset</span> <span class='ocrx_word' id='word_1_86' title='bbox 534 956 683 996; x_wconf 88' lang='lat' dir='ltr'>horum</span> <span class='ocrx_word' id='word_1_87' title='bbox 714 969 934 1008; x_wconf 84' lang='lat' dir='ltr'>numerus⁷</span> <span class='ocrx_word' id='word_1_88' title='bbox 965 955 1009 994; x_wconf 89' lang='lat' dir='ltr'>in</span> <span class='ocrx_word' id='word_1_89' title='bbox 1038 953 1201 993; x_wconf 89' lang='lat' dir='ltr'>infinito</span> <span class='ocrx_word' id='word_1_90' title='bbox 1234 952 1366 1007; x_wconf 85' lang='lat' dir='ltr'>spatio</span> <span class='ocrx_word' id='word_1_91' title='bbox 1398 963 1611 1005; x_wconf 83' lang='lat' dir='ltr'>nunquam</span> <span class='ocrx_word' id='word_1_92' title='bbox 1642 948 1718 989; x_wconf 82' lang='lat' dir='ltr'>has</span> 
     </span>
     <span class='ocr_line' id='line_1_12' title="bbox 105 1026 1718 1088; baseline -0.006 -13"><span class='ocrx_word' id='word_1_93' title='bbox 105 1039 263 1075; x_wconf 88' lang='lat' dir='ltr'>atomos</span> <span class='ocrx_word' id='word_1_94' title='bbox 304 1035 363 1074; x_wconf 87' lang='lat' dir='ltr'>ita</span> <span class='ocrx_word' id='word_1_95' title='bbox 394 1034 615 1074; x_wconf 74' lang='lat' dir='ltr'>convenire</span> <span class='ocrx_word' id='word_1_96' title='bbox 648 1033 862 1088; x_wconf 77' lang='lat' dir='ltr'>potuisse⁷</span> <span class='ocrx_word' id='word_1_97' title='bbox 894 1036 940 1072; x_wconf 87' lang='lat' dir='ltr'>ut</span> <span class='ocrx_word' id='word_1_98' title='bbox 970 1032 1073 1072; x_wconf 85' lang='lat' dir='ltr'>haee</span> <span class='ocrx_word' id='word_1_99' title='bbox 1105 1031 1301 1071; x_wconf 83' lang='lat' dir='ltr'>animalia</span> <span class='ocrx_word' id='word_1_100' title='bbox 1333 1033 1422 1069; x_wconf 88' lang='lat' dir='ltr'>orta</span> <span class='ocrx_word' id='word_1_101' title='bbox 1453 1031 1606 1068; x_wconf 77' lang='lat' dir='ltr'>essent.</span> <span class='ocrx_word' id='word_1_102' title='bbox 1667 1026 1718 1066; x_wconf 88' lang='lat' dir='ltr'>In</span> 
     </span>
     <span class='ocr_line' id='line_1_13' title="bbox 104 1103 1718 1163; baseline -0.006 -11"><span class='ocrx_word' id='word_1_103' title='bbox 104 1111 253 1152; x_wconf 87' lang='lat' dir='ltr'>mediis</span> <span class='ocrx_word' id='word_1_104' title='bbox 300 1111 548 1152; x_wconf 79' lang='lat' dir='ltr'>aridioribus</span> <span class='ocrx_word' id='word_1_105' title='bbox 595 1110 709 1150; x_wconf 81' lang='lat' dir='ltr'>hisce</span> <span class='ocrx_word' id='word_1_106' title='bbox 757 1103 1189 1163; x_wconf 71' lang='lat' dir='ltr'>argumentationibus</span> <span class='ocrx_word' id='word_1_107' title='bbox 1221 1107 1356 1147; x_wconf 87' lang='lat' dir='ltr'>subito</span> <span class='ocrx_word' id='word_1_108' title='bbox 1388 1104 1616 1161; x_wconf 88' lang='lat' dir='ltr'>profundus</span> <span class='ocrx_word' id='word_1_109' title='bbox 1646 1104 1718 1144; x_wconf 90' lang='lat' dir='ltr'>ille</span> 
     </span>
     <span class='ocr_line' id='line_1_14' title="bbox 106 1182 1719 1244; baseline -0.005 -15"><span class='ocrx_word' id='word_1_110' title='bbox 106 1188 248 1241; x_wconf 83' lang='lat' dir='ltr'>dolor⁷</span> <span class='ocrx_word' id='word_1_111' title='bbox 295 1189 364 1244; x_wconf 93' lang='lat' dir='ltr'>qui</span> <span class='ocrx_word' id='word_1_112' title='bbox 411 1193 578 1243; x_wconf 89' lang='lat' dir='ltr'>poetam</span> <span class='ocrx_word' id='word_1_113' title='bbox 610 1202 785 1229; x_wconf 78' lang='lat' dir='ltr'>vexasse</span> <span class='ocrx_word' id='word_1_114' title='bbox 817 1187 1006 1239; x_wconf 78' lang='lat' dir='ltr'>videtur,</span> <span class='ocrx_word' id='word_1_115' title='bbox 1054 1186 1144 1227; x_wconf 89' lang='lat' dir='ltr'>eius</span> <span class='ocrx_word' id='word_1_116' title='bbox 1175 1189 1322 1240; x_wconf 80' lang='lat' dir='ltr'>pectus</span> <span class='ocrx_word' id='word_1_117' title='bbox 1355 1183 1523 1238; x_wconf 78' lang='lat' dir='ltr'>corripit</span> <span class='ocrx_word' id='word_1_118' title='bbox 1554 1182 1639 1234; x_wconf 82' lang='lat' dir='ltr'>ita,</span> <span class='ocrx_word' id='word_1_119' title='bbox 1672 1185 1719 1221; x_wconf 90' lang='lat' dir='ltr'>ut</span> 
     </span>
     <span class='ocr_line' id='line_1_15' title="bbox 104 1259 1718 1321; baseline -0.006 -13"><span class='ocrx_word' id='word_1_120' title='bbox 104 1281 187 1307; x_wconf 89' lang='lat' dir='ltr'>uno</span> <span class='ocrx_word' id='word_1_121' title='bbox 236 1271 409 1321; x_wconf 70' lang='lat' dir='ltr'>aspectu</span> <span class='ocrx_word' id='word_1_122' title='bbox 454 1270 585 1307; x_wconf 87' lang='lat' dir='ltr'>totam</span> <span class='ocrx_word' id='word_1_123' title='bbox 615 1266 840 1320; x_wconf 84' lang='lat' dir='ltr'>perlustret</span> <span class='ocrx_word' id='word_1_124' title='bbox 880 1264 1091 1305; x_wconf 84' lang='lat' dir='ltr'>miseriam</span> <span class='ocrx_word' id='word_1_125' title='bbox 1122 1278 1206 1304; x_wconf 93' lang='grc'>11011</span> <span class='ocrx_word' id='word_1_126' title='bbox 1236 1262 1417 1302; x_wconf 88' lang='lat' dir='ltr'>hominis</span> <span class='ocrx_word' id='word_1_127' title='bbox 1449 1261 1603 1312; x_wconf 86' lang='lat' dir='ltr'>solius,</span> <span class='ocrx_word' id='word_1_128' title='bbox 1647 1259 1718 1299; x_wconf 90' lang='lat' dir='ltr'>sed</span> 
     </span>
     <span class='ocr_line' id='line_1_16' title="bbox 105 1336 1719 1397; baseline -0.005 -12"><span class='ocrx_word' id='word_1_129' title='bbox 105 1345 233 1385; x_wconf 86' lang='lat' dir='ltr'>totius</span> <span class='ocrx_word' id='word_1_130' title='bbox 279 1344 451 1397; x_wconf 71' lang='lat' dir='ltr'>mundi,</span> <span class='ocrx_word' id='word_1_131' title='bbox 498 1348 539 1384; x_wconf 92' lang='lat' dir='ltr'>et</span> <span class='ocrx_word' id='word_1_132' title='bbox 581 1344 765 1384; x_wconf 89' lang='lat' dir='ltr'>omnium</span> <span class='ocrx_word' id='word_1_133' title='bbox 808 1357 947 1383; x_wconf 87' lang='lat' dir='ltr'>rerum</span> <span class='ocrx_word' id='word_1_134' title='bbox 978 1341 1309 1382; x_wconf 78' lang='lat' dir='ltr'>vicissitudinem</span> <span class='ocrx_word' id='word_1_135' title='bbox 1341 1344 1436 1380; x_wconf 87' lang='lat' dir='ltr'>ante</span> <span class='ocrx_word' id='word_1_136' title='bbox 1469 1338 1610 1379; x_wconf 86' lang='lat' dir='ltr'>oeulos</span> <span class='ocrx_word' id='word_1_137' title='bbox 1642 1336 1719 1377; x_wconf 89' lang='lat' dir='ltr'>sibi</span> 
     </span>
     <span class='ocr_line' id='line_1_17' title="bbox 105 1413 1721 1477; baseline -0.006 -14"><span class='ocrx_word' id='word_1_138' title='bbox 105 1426 248 1477; x_wconf 84' lang='lat' dir='ltr'>ponat.</span> <span class='ocrx_word' id='word_1_139' title='bbox 310 1422 401 1462; x_wconf 81' lang='lat' dir='ltr'>Nee</span> <span class='ocrx_word' id='word_1_140' title='bbox 442 1435 551 1461; x_wconf 89' lang='lat' dir='ltr'>mors</span> <span class='ocrx_word' id='word_1_141' title='bbox 582 1435 660 1461; x_wconf 87' lang='grc'>1100</span> <span class='ocrx_word' id='word_1_142' title='bbox 692 1421 778 1461; x_wconf 84' lang='lat' dir='ltr'>vita</span> <span class='ocrx_word' id='word_1_143' title='bbox 809 1434 992 1475; x_wconf 88' lang='lat' dir='ltr'>unquam</span> <span class='ocrx_word' id='word_1_144' title='bbox 1023 1433 1098 1474; x_wconf 89' lang='lat' dir='ltr'>per</span> <span class='ocrx_word' id='word_1_145' title='bbox 1130 1432 1172 1459; x_wconf 90' lang='lat' dir='ltr'>se</span> <span class='ocrx_word' id='word_1_146' title='bbox 1204 1421 1407 1473; x_wconf 86' lang='lat' dir='ltr'>perpetuo</span> <span class='ocrx_word' id='word_1_147' title='bbox 1438 1418 1616 1469; x_wconf 87' lang='lat' dir='ltr'>regnant</span> <span class='ocrx_word' id='word_1_148' title='bbox 1649 1413 1721 1454; x_wconf 88' lang='lat' dir='ltr'>sed</span> 
     </span>
     <span class='ocr_line' id='line_1_18' title="bbox 107 1491 1721 1553; baseline -0.006 -13"><span class='ocrx_word' id='word_1_149' title='bbox 107 1499 362 1540; x_wconf 75' lang='lat' dir='ltr'>alternantes</span> <span class='ocrx_word' id='word_1_150' title='bbox 407 1499 529 1539; x_wconf 87' lang='lat' dir='ltr'>modo</span> <span class='ocrx_word' id='word_1_151' title='bbox 577 1502 775 1553; x_wconf 88' lang='lat' dir='ltr'>superant</span> <span class='ocrx_word' id='word_1_152' title='bbox 817 1497 939 1537; x_wconf 89' lang='lat' dir='ltr'>modo</span> <span class='ocrx_word' id='word_1_153' title='bbox 972 1500 1244 1551; x_wconf 82' lang='lat' dir='ltr'>superantur:</span> <span class='ocrx_word' id='word_1_154' title='bbox 1288 1494 1397 1550; x_wconf 88' lang='lat' dir='ltr'>quod</span> <span class='ocrx_word' id='word_1_155' title='bbox 1429 1493 1602 1549; x_wconf 88' lang='lat' dir='ltr'>quisque</span> <span class='ocrx_word' id='word_1_156' title='bbox 1634 1491 1721 1532; x_wconf 88' lang='lat' dir='ltr'>dies</span> 
     </span>
     <span class='ocr_line' id='line_1_19' title="bbox 106 1575 1721 1632; baseline -0.006 -14"><span class='ocrx_word' id='word_1_157' title='bbox 106 1582 311 1629; x_wconf 80' lang='lat' dir='ltr'>testatur,</span> <span class='ocrx_word' id='word_1_158' title='bbox 359 1577 554 1632; x_wconf 86' lang='lat' dir='ltr'>quoniam</span> <span class='ocrx_word' id='word_1_159' title='bbox 601 1590 700 1628; x_wconf 76' lang='lat' dir='ltr'>⁷,nee</span> <span class='ocrx_word' id='word_1_160' title='bbox 743 1590 828 1616; x_wconf 79' lang='lat' dir='ltr'>nox</span> <span class='ocrx_word' id='word_1_161' title='bbox 860 1576 945 1615; x_wconf 83' lang='lat' dir='ltr'>ulla.</span> <span class='ocrx_word' id='word_1_162' title='bbox 977 1575 1086 1615; x_wconf 87' lang='lat' dir='ltr'>diem</span> <span class='ocrx_word' id='word_1_163' title='bbox 1117 1587 1253 1628; x_wconf 87' lang='lat' dir='ltr'>neque</span> <span class='ocrx_word' id='word_1_164' title='bbox 1286 1577 1449 1613; x_wconf 77' lang='lat' dir='ltr'>noctem</span> <span class='ocrx_word' id='word_1_165' title='bbox 1481 1585 1629 1611; x_wconf 82' lang='lat' dir='ltr'>aurora</span> <span class='ocrx_word' id='word_1_166' title='bbox 1661 1583 1721 1610; x_wconf 86' lang='lat' dir='ltr'>se-</span> 
     </span>
     <span class='ocr_line' id='line_1_20' title="bbox 107 1647 1722 1710; baseline -0.006 -14"><span class='ocrx_word' id='word_1_167' title='bbox 107 1660 269 1708; x_wconf 81' lang='lat' dir='ltr'>cutast,</span> <span class='ocrx_word' id='word_1_168' title='bbox 302 1669 407 1710; x_wconf 86' lang='lat' dir='ltr'>quae</span> <span class='ocrx_word' id='word_1_169' title='bbox 438 1669 521 1695; x_wconf 87' lang='lat' dir='ltr'>non</span> <span class='ocrx_word' id='word_1_170' title='bbox 552 1654 730 1695; x_wconf 86' lang='lat' dir='ltr'>audierit</span> <span class='ocrx_word' id='word_1_171' title='bbox 763 1654 915 1694; x_wconf 76' lang='lat' dir='ltr'>mixtos</span> <span class='ocrx_word' id='word_1_172' title='bbox 938 1652 1148 1707; x_wconf 81' lang='lat' dir='ltr'>vagitibus</span> <span class='ocrx_word' id='word_1_173' title='bbox 1175 1651 1310 1705; x_wconf 86' lang='lat' dir='ltr'>aegris</span> <span class='ocrx_word' id='word_1_174' title='bbox 1334 1651 1546 1705; x_wconf 83' lang='lat' dir='ltr'>ploratus,</span> <span class='ocrx_word' id='word_1_175' title='bbox 1578 1647 1722 1688; x_wconf 89' lang='lat' dir='ltr'>mortis</span> 
     </span>
     <span class='ocr_line' id='line_1_21' title="bbox 109 1731 751 1785; baseline -0.003 -11"><span class='ocrx_word' id='word_1_176' title='bbox 109 1734 281 1774; x_wconf 84' lang='lat' dir='ltr'>comites</span> <span class='ocrx_word' id='word_1_177' title='bbox 314 1738 355 1773; x_wconf 88' lang='lat' dir='ltr'>et</span> <span class='ocrx_word' id='word_1_178' title='bbox 386 1733 545 1773; x_wconf 88' lang='lat' dir='ltr'>funeris</span> <span class='ocrx_word' id='word_1_179' title='bbox 576 1733 681 1773; x_wconf 87' lang='lat' dir='ltr'>atri”</span> <span class='ocrx_word' id='word_1_180' title='bbox 705 1731 751 1785; x_wconf 71' lang='lat'>4).</span> 
     </span>
    </p>

    <p class='ocr_par' dir='ltr' id='par_1_4' title="bbox 108 1808 1727 2479">
     <span class='ocr_line' id='line_1_22' title="bbox 164 1808 1722 1865; baseline -0.006 -14"><span class='ocrx_word' id='word_1_181' title='bbox 164 1811 294 1851; x_wconf 86' lang='lat' dir='ltr'>Nulla</span> <span class='ocrx_word' id='word_1_182' title='bbox 337 1824 459 1865; x_wconf 87' lang='lat' dir='ltr'>porro</span> <span class='ocrx_word' id='word_1_183' title='bbox 504 1823 570 1850; x_wconf 88' lang='lat' dir='ltr'>res</span> <span class='ocrx_word' id='word_1_184' title='bbox 621 1823 672 1849; x_wconf 81' lang='lat' dir='ltr'>ex</span> <span class='ocrx_word' id='word_1_185' title='bbox 720 1822 803 1849; x_wconf 90' lang='lat' dir='ltr'>uno</span> <span class='ocrx_word' id='word_1_186' title='bbox 850 1811 1014 1848; x_wconf 87' lang='lat' dir='ltr'>tantum</span> <span class='ocrx_word' id='word_1_187' title='bbox 1060 1810 1221 1847; x_wconf 78' lang='lat' dir='ltr'>constat</span> <span class='ocrx_word' id='word_1_188' title='bbox 1262 1818 1416 1860; x_wconf 86' lang='lat' dir='ltr'>genere</span> <span class='ocrx_word' id='word_1_189' title='bbox 1462 1808 1722 1855; x_wconf 82' lang='lat' dir='ltr'>atomorum3</span> 
     </span>
     <span class='ocr_line' id='line_1_23' title="bbox 108 1883 1724 1944; baseline -0.006 -16"><span class='ocrx_word' id='word_1_190' title='bbox 108 1901 215 1944; x_wconf 87' lang='lat' dir='ltr'>quae</span> <span class='ocrx_word' id='word_1_191' title='bbox 251 1887 436 1928; x_wconf 75' lang='lat' dir='ltr'>maxima</span> <span class='ocrx_word' id='word_1_192' title='bbox 468 1891 509 1927; x_wconf 90' lang='lat' dir='ltr'>et</span> <span class='ocrx_word' id='word_1_193' title='bbox 540 1885 828 1927; x_wconf 86' lang='lat' dir='ltr'>robustissima</span> <span class='ocrx_word' id='word_1_194' title='bbox 859 1889 955 1925; x_wconf 90' lang='lat' dir='ltr'>sunt</span> <span class='ocrx_word' id='word_1_195' title='bbox 985 1884 1165 1939; x_wconf 87' lang='lat' dir='ltr'>plurima</span> <span class='ocrx_word' id='word_1_196' title='bbox 1194 1883 1351 1924; x_wconf 84' lang='lat' dir='ltr'>habent</span> <span class='ocrx_word' id='word_1_197' title='bbox 1382 1895 1538 1936; x_wconf 85' lang='lat' dir='ltr'>genera</span> <span class='ocrx_word' id='word_1_198' title='bbox 1568 1884 1724 1920; x_wconf 86' lang='lat' dir='ltr'>atomo-</span> 
     </span>
     <span class='ocr_line' id='line_1_24' title="bbox 108 1958 1725 2019; baseline -0.006 -13"><span class='ocrx_word' id='word_1_199' title='bbox 108 1980 214 2006; x_wconf 91' lang='lat' dir='ltr'>rum.</span> <span class='ocrx_word' id='word_1_200' title='bbox 247 1965 366 2006; x_wconf 82' lang='lat' dir='ltr'>Haeo</span> <span class='ocrx_word' id='word_1_201' title='bbox 388 1963 711 2019; x_wconf 87' lang='lat' dir='ltr'>primordiorum</span> <span class='ocrx_word' id='word_1_202' title='bbox 732 1963 916 2003; x_wconf 85' lang='lat' dir='ltr'>varietas</span> <span class='ocrx_word' id='word_1_203' title='bbox 932 1962 976 2002; x_wconf 85' lang='lat' dir='ltr'>in</span> <span class='ocrx_word' id='word_1_204' title='bbox 998 1975 1162 2017; x_wconf 88' lang='lat' dir='ltr'>quoque</span> <span class='ocrx_word' id='word_1_205' title='bbox 1185 1974 1356 2015; x_wconf 76' lang='lat' dir='ltr'>corpore</span> <span class='ocrx_word' id='word_1_206' title='bbox 1379 1959 1505 2000; x_wconf 83' lang='lat' dir='ltr'>etiam</span> <span class='ocrx_word' id='word_1_207' title='bbox 1526 1958 1725 2014; x_wconf 85' lang='lat' dir='ltr'>probatur</span> 
     </span>
     <span class='ocr_line' id='line_1_25' title="bbox 110 2035 1725 2098; baseline -0.006 -14"><span class='ocrx_word' id='word_1_208' title='bbox 110 2057 159 2084; x_wconf 87' lang='lat' dir='ltr'>eo</span> <span class='ocrx_word' id='word_1_209' title='bbox 191 2043 301 2098; x_wconf 88' lang='lat' dir='ltr'>quod</span> <span class='ocrx_word' id='word_1_210' title='bbox 332 2057 386 2083; x_wconf 75' lang='lat' dir='ltr'>ex</span> <span class='ocrx_word' id='word_1_211' title='bbox 418 2042 565 2082; x_wconf 87' lang='lat' dir='ltr'>eodem</span> <span class='ocrx_word' id='word_1_212' title='bbox 597 2041 687 2081; x_wconf 81' lang='lat' dir='ltr'>cibo</span> <span class='ocrx_word' id='word_1_213' title='bbox 721 2045 804 2081; x_wconf 87' lang='lat' dir='ltr'>tam</span> <span class='ocrx_word' id='word_1_214' title='bbox 827 2040 991 2080; x_wconf 81' lang='lat' dir='ltr'>diversa</span> <span class='ocrx_word' id='word_1_215' title='bbox 1012 2039 1207 2079; x_wconf 86' lang='lat' dir='ltr'>animalia</span> <span class='ocrx_word' id='word_1_216' title='bbox 1228 2042 1431 2079; x_wconf 78' lang='lat' dir='ltr'>creseunt.</span> <span class='ocrx_word' id='word_1_217' title='bbox 1491 2036 1661 2078; x_wconf 84' lang='lat' dir='ltr'>Etenim</span> <span class='ocrx_word' id='word_1_218' title='bbox 1681 2035 1725 2075; x_wconf 89' lang='lat' dir='ltr'>in</span> 
     </span>
     <span class='ocr_line' id='line_1_26' title="bbox 108 2117 1726 2174; baseline -0.004 -13"><span class='ocrx_word' id='word_1_219' title='bbox 108 2120 239 2161; x_wconf 87' lang='lat' dir='ltr'>herba</span> <span class='ocrx_word' id='word_1_220' title='bbox 281 2124 321 2160; x_wconf 89' lang='lat' dir='ltr'>et</span> <span class='ocrx_word' id='word_1_221' title='bbox 368 2133 501 2174; x_wconf 80' lang='lat' dir='ltr'>aqua,</span> <span class='ocrx_word' id='word_1_222' title='bbox 552 2118 702 2173; x_wconf 88' lang='lat' dir='ltr'>quibus</span> <span class='ocrx_word' id='word_1_223' title='bbox 749 2118 945 2169; x_wconf 79' lang='lat' dir='ltr'>aluntur,</span> <span class='ocrx_word' id='word_1_224' title='bbox 993 2117 1114 2171; x_wconf 89' lang='lat' dir='ltr'>plura</span> <span class='ocrx_word' id='word_1_225' title='bbox 1159 2130 1315 2170; x_wconf 88' lang='lat' dir='ltr'>genera</span> <span class='ocrx_word' id='word_1_226' title='bbox 1355 2120 1587 2156; x_wconf 87' lang='lat' dir='ltr'>atomorum</span> <span class='ocrx_word' id='word_1_227' title='bbox 1630 2118 1726 2154; x_wconf 86' lang='lat' dir='ltr'>sunt</span> 
     </span>
     <span class='ocr_line' id='line_1_27' title="bbox 109 2195 1726 2252; baseline -0.004 -13"><span class='ocrx_word' id='word_1_228' title='bbox 109 2199 233 2252; x_wconf 81' lang='lat'>(667).</span> <span class='ocrx_word' id='word_1_229' title='bbox 295 2197 510 2246; x_wconf 84' lang='lat' dir='ltr'>Quaedam</span> <span class='ocrx_word' id='word_1_230' title='bbox 557 2197 767 2237; x_wconf 86' lang='lat' dir='ltr'>elementa</span> <span class='ocrx_word' id='word_1_231' title='bbox 813 2195 1049 2235; x_wconf 88' lang='lat' dir='ltr'>eommunia</span> <span class='ocrx_word' id='word_1_232' title='bbox 1090 2208 1179 2234; x_wconf 89' lang='lat' dir='ltr'>esse</span> <span class='ocrx_word' id='word_1_233' title='bbox 1211 2198 1386 2249; x_wconf 84' lang='lat' dir='ltr'>possunt</span> <span class='ocrx_word' id='word_1_234' title='bbox 1417 2198 1458 2234; x_wconf 89' lang='lat' dir='ltr'>et</span> <span class='ocrx_word' id='word_1_235' title='bbox 1489 2197 1630 2234; x_wconf 87' lang='lat' dir='ltr'>tamen</span> <span class='ocrx_word' id='word_1_236' title='bbox 1660 2206 1726 2233; x_wconf 90' lang='lat' dir='ltr'>res</span> 
     </span>
     <span class='ocr_line' id='line_1_28' title="bbox 110 2270 1726 2316; baseline -0.004 0"><span class='ocrx_word' id='word_1_237' title='bbox 110 2275 311 2316; x_wconf 85' lang='lat' dir='ltr'>diversae.</span> <span class='ocrx_word' id='word_1_238' title='bbox 373 2273 534 2315; x_wconf 84' lang='lat' dir='ltr'>Eodem</span> <span class='ocrx_word' id='word_1_239' title='bbox 580 2272 704 2313; x_wconf 90' lang='lat' dir='ltr'>modo</span> <span class='ocrx_word' id='word_1_240' title='bbox 753 2272 795 2312; x_wconf 87' lang='lat' dir='ltr'>in</span> <span class='ocrx_word' id='word_1_241' title='bbox 841 2271 1031 2312; x_wconf 86' lang='lat' dir='ltr'>versibus</span> <span class='ocrx_word' id='word_1_242' title='bbox 1062 2271 1212 2311; x_wconf 88' lang='lat' dir='ltr'>nostris</span> <span class='ocrx_word' id='word_1_243' title='bbox 1243 2270 1367 2311; x_wconf 82' lang='lat' dir='ltr'>variis</span> <span class='ocrx_word' id='word_1_244' title='bbox 1398 2270 1531 2310; x_wconf 88' lang='lat' dir='ltr'>modis</span> <span class='ocrx_word' id='word_1_245' title='bbox 1562 2270 1726 2310; x_wconf 85' lang='lat' dir='ltr'>litterae</span> 
     </span>
     <span class='ocr_line' id='line_1_29' title="bbox 108 2348 1727 2405; baseline -0.003 -13"><span class='ocrx_word' id='word_1_246' title='bbox 108 2352 218 2393; x_wconf 86' lang='lat' dir='ltr'>inter</span> <span class='ocrx_word' id='word_1_247' title='bbox 249 2365 292 2392; x_wconf 90' lang='lat' dir='ltr'>se</span> <span class='ocrx_word' id='word_1_248' title='bbox 323 2352 555 2405; x_wconf 80' lang='lat' dir='ltr'>iunguntur</span> <span class='ocrx_word' id='word_1_249' title='bbox 583 2351 643 2391; x_wconf 90' lang='lat' dir='ltr'>ita</span> <span class='ocrx_word' id='word_1_250' title='bbox 674 2354 719 2390; x_wconf 88' lang='lat' dir='ltr'>ut</span> <span class='ocrx_word' id='word_1_251' title='bbox 760 2349 964 2405; x_wconf 89' lang='lat' dir='ltr'>quaedam</span> <span class='ocrx_word' id='word_1_252' title='bbox 987 2362 1227 2390; x_wconf 75' lang='lat' dir='ltr'>communes</span> <span class='ocrx_word' id='word_1_253' title='bbox 1250 2348 1358 2400; x_wconf 86' lang='lat' dir='ltr'>sint,</span> <span class='ocrx_word' id='word_1_254' title='bbox 1391 2348 1463 2388; x_wconf 86' lang='lat' dir='ltr'>sed</span> <span class='ocrx_word' id='word_1_255' title='bbox 1483 2362 1567 2388; x_wconf 91' lang='lat' dir='ltr'>non</span> <span class='ocrx_word' id='word_1_256' title='bbox 1589 2348 1727 2388; x_wconf 63' lang='lat' dir='ltr'>omm&#39;a.</span> 
     </span>
     <span class='ocr_line' id='line_1_30' title="bbox 110 2425 1725 2479; baseline -0.004 -8"><span class='ocrx_word' id='word_1_257' title='bbox 110 2429 256 2471; x_wconf 87' lang='lat' dir='ltr'>eadem</span> <span class='ocrx_word' id='word_1_258' title='bbox 277 2429 322 2479; x_wconf 85' lang='grc'>5).</span> <span class='ocrx_word' id='word_1_259' title='bbox 383 2429 584 2469; x_wconf 86' lang='lat' dir='ltr'>Attamen</span> <span class='ocrx_word' id='word_1_260' title='bbox 629 2442 713 2469; x_wconf 90' lang='lat' dir='ltr'>non</span> <span class='ocrx_word' id='word_1_261' title='bbox 758 2427 929 2468; x_wconf 86' lang='lat' dir='ltr'>fortuito</span> <span class='ocrx_word' id='word_1_262' title='bbox 971 2441 1082 2467; x_wconf 89' lang='grc'>1111110</span> <span class='ocrx_word' id='word_1_263' title='bbox 1113 2426 1367 2467; x_wconf 80' lang='lat' dir='ltr'>conveniunt</span> <span class='ocrx_word' id='word_1_264' title='bbox 1397 2426 1441 2465; x_wconf 92' lang='lat' dir='ltr'>in</span> <span class='ocrx_word' id='word_1_265' title='bbox 1471 2439 1537 2466; x_wconf 90' lang='lat' dir='ltr'>res</span> <span class='ocrx_word' id='word_1_266' title='bbox 1569 2425 1725 2466; x_wconf 87' lang='lat' dir='ltr'>atomi:</span> 
     </span>
    </p>
   </div>
   <div class='ocr_carea' id='block_1_3' title="bbox 110 2563 1731 2982">
    <p class='ocr_par' dir='ltr' id='par_1_5' title="bbox 110 2563 1730 2730">
     <span class='ocr_line' id='line_1_31' title="bbox 155 2563 486 2600; baseline 0 -6"><span class='ocrx_word' id='word_1_267' title='bbox 155 2563 176 2600; x_wconf 91' lang='grc'>1)</span> <span class='ocrx_word' id='word_1_268' title='bbox 223 2563 268 2594; x_wconf 93' lang='lat' dir='ltr'>D.</span> <span class='ocrx_word' id='word_1_269' title='bbox 292 2563 327 2594; x_wconf 91' lang='lat' dir='ltr'>L.</span> <span class='ocrx_word' id='word_1_270' title='bbox 354 2563 388 2593; x_wconf 90' lang='lat' dir='ltr'>X</span> <span class='ocrx_word' id='word_1_271' title='bbox 404 2587 411 2600; x_wconf 90' lang='lat'>‚</span> <span class='ocrx_word' id='word_1_272' title='bbox 435 2565 486 2594; x_wconf 86' lang='lat'>42.</span> 
     </span>
     <span class='ocr_line' id='line_1_32' title="bbox 151 2625 1730 2668; baseline 0 -12"><span class='ocrx_word' id='word_1_273' title='bbox 151 2626 175 2663; x_wconf 82' lang='lat'>2)</span> <span class='ocrx_word' id='word_1_274' title='bbox 223 2625 272 2657; x_wconf 85' lang='lat' dir='ltr'>Cf.</span> <span class='ocrx_word' id='word_1_275' title='bbox 298 2628 337 2657; x_wconf 88' lang='grc'>56</span> <span class='ocrx_word' id='word_1_276' title='bbox 362 2629 433 2658; x_wconf 83' lang='grc' dir='ltr'>πᾶν</span> <span class='ocrx_word' id='word_1_277' title='bbox 457 2627 488 2658; x_wconf 84' lang='grc' dir='ltr'>δὲ</span> <span class='ocrx_word' id='word_1_278' title='bbox 512 2628 647 2668; x_wconf 62' lang='grc' dir='ltr'>μέγεθος</span> <span class='ocrx_word' id='word_1_279' title='bbox 672 2627 828 2668; x_wconf 73' lang='grc' dir='ltr'>ὑπάρχον</span> <span class='ocrx_word' id='word_1_280' title='bbox 852 2627 925 2658; x_wconf 72' lang='grc' dir='ltr'>οὔτε</span> <span class='ocrx_word' id='word_1_281' title='bbox 951 2627 1119 2667; x_wconf 74' lang='grc' dir='ltr'>χρήσιμόν</span> <span class='ocrx_word' id='word_1_282' title='bbox 1147 2626 1215 2657; x_wconf 78' lang='grc' dir='ltr'>ἐστι</span> <span class='ocrx_word' id='word_1_283' title='bbox 1246 2628 1332 2665; x_wconf 84' lang='grc' dir='ltr'>πρὸς</span> <span class='ocrx_word' id='word_1_284' title='bbox 1355 2626 1415 2661; x_wconf 85' lang='grc' dir='ltr'>τὰς</span> <span class='ocrx_word' id='word_1_285' title='bbox 1443 2628 1510 2656; x_wconf 80' lang='grc' dir='ltr'>τῶν</span> <span class='ocrx_word' id='word_1_286' title='bbox 1535 2625 1730 2662; x_wconf 77' lang='grc' dir='ltr'>ποιοτήτων</span> 
     </span>
     <span class='ocr_line' id='line_1_33' title="bbox 110 2689 1231 2730; baseline -0.002 -10"><span class='ocrx_word' id='word_1_287' title='bbox 110 2689 283 2730; x_wconf 78' lang='grc' dir='ltr'>διαφοράς.</span> <span class='ocrx_word' id='word_1_288' title='bbox 310 2691 453 2730; x_wconf 64' lang='grc' dir='ltr'>ἁφῖχέταί</span> <span class='ocrx_word' id='word_1_289' title='bbox 479 2702 510 2720; x_wconf 82' lang='grc' dir='ltr'>τε</span> <span class='ocrx_word' id='word_1_290' title='bbox 535 2691 645 2729; x_wconf 59' lang='grc' dir='ltr'>μέλλει</span> <span class='ocrx_word' id='word_1_291' title='bbox 673 2691 725 2720; x_wconf 81' lang='grc' dir='ltr'>καὶ</span> <span class='ocrx_word' id='word_1_292' title='bbox 751 2690 838 2730; x_wconf 84' lang='grc' dir='ltr'>πρὸς</span> <span class='ocrx_word' id='word_1_293' title='bbox 863 2689 946 2730; x_wconf 77' lang='grc' dir='ltr'><em>ἡμᾶς</em></span> <span class='ocrx_word' id='word_1_294' title='bbox 970 2689 1075 2729; x_wconf 79' lang='grc' dir='ltr'>ὁρατὴ</span> <span class='ocrx_word' id='word_1_295' title='bbox 1099 2690 1231 2729; x_wconf 79' lang='grc' dir='ltr'>ἄτομος.</span> 
     </span>
    </p>

    <p class='ocr_par' dir='ltr' id='par_1_6' title="bbox 112 2749 1728 2856">
     <span class='ocr_line' id='line_1_34' title="bbox 151 2749 1725 2792; baseline -0.001 -10"><span class='ocrx_word' id='word_1_296' title='bbox 151 2752 175 2789; x_wconf 82' lang='grc'>3)</span> <span class='ocrx_word' id='word_1_297' title='bbox 222 2752 276 2782; x_wconf 76' lang='lat' dir='ltr'>Vs.</span> <span class='ocrx_word' id='word_1_298' title='bbox 302 2753 374 2782; x_wconf 73' lang='lat'>529.</span> <span class='ocrx_word' id='word_1_299' title='bbox 422 2751 550 2792; x_wconf 84' lang='lat' dir='ltr'>Optime</span> <span class='ocrx_word' id='word_1_300' title='bbox 584 2752 729 2783; x_wconf 79' lang='lat' dir='ltr'>restituit</span> <span class='ocrx_word' id='word_1_301' title='bbox 751 2752 858 2783; x_wconf 84' lang='grc'>10011111</span> <span class='ocrx_word' id='word_1_302' title='bbox 874 2752 1042 2783; x_wconf 62' lang='lat' dir='ltr'>‘Munrous</span> <span class='ocrx_word' id='word_1_303' title='bbox 1067 2762 1140 2782; x_wconf 85' lang='lat' dir='ltr'>cum</span> <span class='ocrx_word' id='word_1_304' title='bbox 1163 2752 1315 2781; x_wconf 64' lang='lat' dir='ltr'>ostendam</span> <span class='ocrx_word' id='word_1_305' title='bbox 1340 2749 1475 2781; x_wconf 82' lang='lat' dir='ltr'>mutarit</span> <span class='ocrx_word' id='word_1_306' title='bbox 1496 2749 1531 2780; x_wconf 87' lang='lat' dir='ltr'>in</span> <span class='ocrx_word' id='word_1_307' title='bbox 1561 2751 1725 2782; x_wconf 70' lang='lat' dir='ltr'>ostendens.</span> 
     </span>
     <span class='ocr_line' id='line_1_35' title="bbox 112 2813 1728 2856; baseline -0.001 -10"><span class='ocrx_word' id='word_1_308' title='bbox 112 2814 262 2847; x_wconf 83' lang='lat' dir='ltr'>Ceterum</span> <span class='ocrx_word' id='word_1_309' title='bbox 285 2815 326 2846; x_wconf 83' lang='lat' dir='ltr'>cf.</span> <span class='ocrx_word' id='word_1_310' title='bbox 352 2815 391 2845; x_wconf 95' lang='lat' dir='ltr'>D.</span> <span class='ocrx_word' id='word_1_311' title='bbox 418 2815 454 2846; x_wconf 89' lang='lat' dir='ltr'>L.</span> <span class='ocrx_word' id='word_1_312' title='bbox 479 2815 530 2853; x_wconf 91' lang='lat' dir='ltr'>X,</span> <span class='ocrx_word' id='word_1_313' title='bbox 556 2817 595 2846; x_wconf 85' lang='lat'>42</span> <span class='ocrx_word' id='word_1_314' title='bbox 620 2817 673 2846; x_wconf 77' lang='grc' dir='ltr'>καὶ</span> <span class='ocrx_word' id='word_1_315' title='bbox 692 2817 766 2847; x_wconf 54' lang='grc' dir='ltr'>καθ’</span> <span class='ocrx_word' id='word_1_316' title='bbox 787 2816 933 2854; x_wconf 77' lang='grc' dir='ltr'>ἑκάστην</span> <span class='ocrx_word' id='word_1_317' title='bbox 951 2815 985 2846; x_wconf 81' lang='grc' dir='ltr'>δέ</span> <span class='ocrx_word' id='word_1_318' title='bbox 1005 2814 1208 2856; x_wconf 77' lang='grc' dir='ltr'>σχημάτισιν</span> <span class='ocrx_word' id='word_1_319' title='bbox 1227 2814 1344 2850; x_wconf 82' lang='grc' dir='ltr'>ἁπλῶς</span> <span class='ocrx_word' id='word_1_320' title='bbox 1361 2813 1585 2854; x_wconf 80' lang='grc' dir='ltr'>ἄπειροὶεἰσιν</span> <span class='ocrx_word' id='word_1_321' title='bbox 1601 2814 1728 2854; x_wconf 81' lang='grc' dir='ltr'>ἄτομοι.</span> 
     </span>
    </p>

    <p class='ocr_par' dir='ltr' id='par_1_7' title="bbox 153 2878 384 2917">
     <span class='ocr_line' id='line_1_36' title="bbox 153 2878 384 2917; baseline 0 -8"><span class='ocrx_word' id='word_1_322' title='bbox 153 2878 182 2917; x_wconf 78' lang='lat'>⁴)</span> <span class='ocrx_word' id='word_1_323' title='bbox 227 2879 265 2910; x_wconf 94' lang='lat' dir='ltr'>II</span> <span class='ocrx_word' id='word_1_324' title='bbox 281 2903 289 2917; x_wconf 90' lang='lat'><strong><em>‚</em></strong></span> <span class='ocrx_word' id='word_1_325' title='bbox 313 2879 384 2911; x_wconf 83' lang='lat'>578.</span> 
     </span>
    </p>

    <p class='ocr_par' dir='ltr' id='par_1_8' title="bbox 154 2938 1731 2982">
     <span class='ocr_line' id='line_1_37' title="bbox 154 2938 1731 2982; baseline -0.001 -10"><span class='ocrx_word' id='word_1_326' title='bbox 154 2940 180 2980; x_wconf 87' lang='lat'>⁵)</span> <span class='ocrx_word' id='word_1_327' title='bbox 228 2940 266 2972; x_wconf 88' lang='grc' dir='ltr'>ΙΙ</span> <span class='ocrx_word' id='word_1_328' title='bbox 281 2965 289 2980; x_wconf 94' lang='grc'><em>,</em></span> <span class='ocrx_word' id='word_1_329' title='bbox 313 2951 360 2972; x_wconf 85' lang='lat' dir='ltr'>vs.</span> <span class='ocrx_word' id='word_1_330' title='bbox 386 2943 457 2972; x_wconf 79' lang='lat'><strong>688.</strong></span> <span class='ocrx_word' id='word_1_331' title='bbox 507 2940 556 2972; x_wconf 87' lang='lat' dir='ltr'>Cf.</span> <span class='ocrx_word' id='word_1_332' title='bbox 583 2943 663 2972; x_wconf 87' lang='lat'>1012</span> <span class='ocrx_word' id='word_1_333' title='bbox 690 2951 758 2982; x_wconf 83' lang='lat' dir='ltr'>sqq.</span> <span class='ocrx_word' id='word_1_334' title='bbox 806 2940 919 2979; x_wconf 76' lang='lat' dir='ltr'>„Quin</span> <span class='ocrx_word' id='word_1_335' title='bbox 942 2939 1038 2972; x_wconf 82' lang='lat' dir='ltr'>etiam</span> <span class='ocrx_word' id='word_1_336' title='bbox 1068 2940 1168 2971; x_wconf 77' lang='lat' dir='ltr'>refert</span> <span class='ocrx_word' id='word_1_337' title='bbox 1188 2938 1308 2971; x_wconf 86' lang='lat' dir='ltr'>nostris</span> <span class='ocrx_word' id='word_1_338' title='bbox 1330 2938 1365 2970; x_wconf 84' lang='lat' dir='ltr'>in</span> <span class='ocrx_word' id='word_1_339' title='bbox 1388 2938 1535 2970; x_wconf 83' lang='lat' dir='ltr'>versibus</span> <span class='ocrx_word' id='word_1_340' title='bbox 1557 2938 1634 2980; x_wconf 87' lang='lat' dir='ltr'>ipsis</span> <span class='ocrx_word' id='word_1_341' title='bbox 1657 2949 1731 2970; x_wconf 84' lang='lat' dir='ltr'>eum</span> 
     </span>
    </p>
   </div>
   <div class='ocr_carea' id='block_1_4' title="bbox 114 3001 1732 3045">
    <p class='ocr_par' dir='ltr' id='par_1_9' title="bbox 114 3001 1732 3045">
     <span class='ocr_line' id='line_1_38' title="bbox 114 3001 1732 3045; baseline -0.001 -11"><span class='ocrx_word' id='word_1_342' title='bbox 114 3002 233 3044; x_wconf 87' lang='lat' dir='ltr'>quibus</span> <span class='ocrx_word' id='word_1_343' title='bbox 271 3006 304 3035; x_wconf 83' lang='lat' dir='ltr'>et</span> <span class='ocrx_word' id='word_1_344' title='bbox 340 3003 431 3045; x_wconf 86' lang='lat' dir='ltr'>quali</span> <span class='ocrx_word' id='word_1_345' title='bbox 471 3003 538 3035; x_wconf 85' lang='lat' dir='ltr'>sint</span> <span class='ocrx_word' id='word_1_346' title='bbox 567 3003 677 3035; x_wconf 86' lang='lat' dir='ltr'>ordine</span> <span class='ocrx_word' id='word_1_347' title='bbox 701 3013 850 3045; x_wconf 85' lang='lat' dir='ltr'>quaeque</span> <span class='ocrx_word' id='word_1_348' title='bbox 872 3003 976 3035; x_wconf 82' lang='lat' dir='ltr'>locata</span> <span class='ocrx_word' id='word_1_349' title='bbox 990 3027 997 3041; x_wconf 94' lang='lat'>‚</span> <span class='ocrx_word' id='word_1_350' title='bbox 1022 3002 1050 3033; x_wconf 81' lang='lat' dir='ltr'>si</span> <span class='ocrx_word' id='word_1_351' title='bbox 1071 3012 1137 3034; x_wconf 88' lang='lat' dir='ltr'>non</span> <span class='ocrx_word' id='word_1_352' title='bbox 1159 3001 1267 3033; x_wconf 85' lang='lat' dir='ltr'>omnia</span> <span class='ocrx_word' id='word_1_353' title='bbox 1289 3005 1385 3040; x_wconf 83' lang='lat' dir='ltr'>sunt,</span> <span class='ocrx_word' id='word_1_354' title='bbox 1410 3005 1443 3033; x_wconf 81' lang='lat' dir='ltr'>at</span> <span class='ocrx_word' id='word_1_355' title='bbox 1465 3002 1568 3033; x_wconf 81' lang='lat' dir='ltr'>multo</span> <span class='ocrx_word' id='word_1_356' title='bbox 1590 3001 1732 3033; x_wconf 80' lang='lat' dir='ltr'>maxima</span> 
     </span>
    </p>
   </div>
  </div>
 </body>
</html>
