1894 3235
889 113 942 151 89

114 245 252 300 tangit
282 245 435 286 oculos.
481 245 601 286 Haec
633 244 772 285 omnia
801 244 906 285 fiunt
937 258 1061 300 quam
1093 244 1332 296 celerrime,
1364 256 1501 298 neque
1532 242 1724 283 videmus

115 323 299 377 singulas
330 322 553 376 imagines,
586 321 660 362 sed
690 335 838 376 corpus
868 321 1058 362 videmus
1089 335 1171 361 non
1192 321 1427 375 interrupta
1450 319 1556 360 serie
1578 318 1725 372 imagi-

114 414 214 440 num
247 399 394 440 eodem
425 399 564 451 modo,
607 412 687 454 quo
718 413 801 438 non
832 399 1079 453 particulam
1112 411 1319 453 quamque
1350 397 1467 437 venti
1499 396 1727 448 sentimus,

115 477 187 518 sed
223 482 358 518 totum
388 481 581 529 ventum,
614 490 777 531 quoque
800 481 1021 530 tangentes
1043 476 1304 531 superficiem
1326 475 1498 530 lapidis,
1530 488 1613 514 non
1636 487 1728 514 eam

114 571 318 598 summam
338 562 500 612 partem
522 556 651 596 solam
668 570 743 611 per
765 570 807 596 se
828 556 1041 608 sentimus,
1065 555 1137 596 sed
1161 569 1302 596 omnes
1324 559 1556 595 atomorum
1579 556 1727 604 strues,

114 649 220 691 quae
251 635 419 690 penitus
450 635 494 674 in
525 648 695 689 corpore
728 640 850 686 sunt,
893 648 972 689 quo
1004 634 1050 674 fit
1080 638 1127 674 ut
1159 633 1209 673 de
1242 632 1396 673 duritia
1426 631 1515 672 eius
1544 629 1729 670 iudicare

113 713 330 768 possimus.
371 711 535 753 Deinde
568 712 751 766 explicat
781 718 927 766 poeta,
960 726 1032 752 cur
1063 720 1149 751 tam
1170 714 1331 751 remota
1351 724 1375 751 a
1395 708 1514 749 nobis
1537 707 1728 748 videatur

113 790 251 844 imago
296 790 340 830 in
385 789 564 844 speculo.
636 789 706 829 Fit
748 789 859 829 enim
909 788 1091 843 „duplici
1131 788 1382 842 geminoque
1414 785 1536 827 aere'’
1586 784 1733 826 eodem

117 867 240 908 modo
291 871 416 923 atque
466 867 569 907 alias
617 881 683 907 res
730 866 883 907 distare
932 866 1136 906 videmus.
1198 866 1345 919 Imago
1388 863 1547 919 speculi
1587 863 1639 903 ab
1683 876 1731 902 eo

115 945 302 1000 profecta
345 944 543 1000 propellit
584 958 725 985 aerem
770 944 880 984 inter
911 943 1128 998 speculum
1159 947 1285 998 atque
1316 956 1392 982 nos
1424 942 1578 982 situm:
1620 939 1732 980 hunc

115 1036 256 1063 aerem
286 1022 468 1077 primum
500 1022 701 1062 sentimus
734 1025 775 1062 et
806 1035 880 1076 per
911 1035 1007 1061 eum
1040 1021 1089 1061 de
1123 1020 1321 1061 distantia
1351 1019 1511 1074 speculi
1543 1017 1732 1058 iudicare

114 1114 353 1156 possumus,
382 1101 499 1141 cuius
530 1100 757 1154 imaginem
788 1099 1069 1154 percipimus:
1103 1098 1175 1139 sed
1207 1098 1353 1138 eodem
1384 1100 1539 1152 puncto
1572 1101 1732 1150 tempo-

113 1177 198 1231 ris,
242 1192 323 1233 quo
355 1177 513 1232 speculi
544 1177 683 1231 imago
716 1177 768 1218 ad
798 1191 872 1217 nos
902 1177 1122 1231 pervenit,
1169 1180 1311 1216 nostra
1341 1176 1479 1229 imago
1511 1174 1555 1214 in
1585 1186 1731 1228 specu-

115 1255 203 1295 lum
236 1269 330 1296 cum
360 1255 547 1307 venerit,
579 1255 630 1295 ab
663 1268 711 1295 eo
748 1255 944 1294 reicietur
976 1258 1017 1294 et
1047 1268 1190 1294 rursus
1222 1267 1362 1294 aerem
1383 1253 1492 1293 inter
1517 1251 1733 1306 speculum

123 1336 250 1388 atque
295 1347 370 1374 nos
401 1333 634 1388 propellet:
677 1333 873 1388 quoniam
903 1336 1046 1373 autem
1077 1346 1124 1372 eo
1156 1332 1280 1387 pulsu
1312 1331 1420 1372 aeris
1453 1330 1503 1370 de
1537 1327 1735 1370 distantia

119 1411 380 1464 iudicamus,
412 1411 530 1452 nobis
560 1411 633 1452 illa
662 1411 800 1465 imago
832 1410 1044 1450 videbitur
1072 1410 1228 1465 duplici
1251 1409 1384 1464 spatio
1409 1409 1573 1449 distare.
1615 1405 1735 1454 Quod

120 1488 271 1529 dextra
300 1503 396 1543 pars
427 1488 610 1543 corporis
640 1488 683 1528 in
715 1488 883 1543 speculo
915 1488 961 1528 fit
992 1488 1113 1528 laeva
1144 1500 1186 1528 et
1217 1487 1338 1528 laeva
1360 1486 1532 1539 dextra,
1564 1486 1607 1526 id
1627 1485 1735 1527 lianc

116 1565 245 1607 habet
277 1580 444 1607 causam
476 1566 586 1621 quod
617 1566 822 1620 imagines
853 1570 991 1606 rectae
1023 1570 1250 1606 retrorsum
1283 1565 1340 1605 sic
1374 1565 1614 1617 eliduntur,
1666 1568 1737 1616 „ut

117 1643 274 1698 siquis,
321 1643 436 1698 prius
468 1642 584 1684 arida
615 1657 739 1698 quam
772 1643 824 1683 sit
857 1648 995 1683 cretea
1027 1656 1224 1697 persona,
1268 1642 1427 1683 adlidat
1457 1642 1622 1696 pilaeve
1654 1644 1736 1681 tra-

120 1721 245 1774 bive,
277 1725 402 1776 atque
435 1735 485 1762 ea
516 1722 712 1762 continuo
742 1726 901 1762 rectam
933 1721 966 1760 si
998 1721 1103 1761 forte
1135 1720 1313 1774 figuram
1345 1725 1484 1760 servet
1516 1724 1557 1760 et
1590 1720 1737 1760 elisam

120 1803 232 1840 retro
263 1813 354 1840 sese
382 1799 592 1854 exprimat
617 1799 734 1854 ipsa”
765 1798 802 1848 ¹).
835 1799 965 1839 Plura
982 1798 1151 1853 specula
1168 1803 1280 1839 certo
1300 1798 1422 1839 modo
1440 1798 1577 1853 posita
1594 1811 1737 1838 omnes

126 1876 308 1917 latebras
355 1876 500 1917 domus
530 1876 650 1917 nobis
681 1875 885 1931 praebent
916 1879 958 1916 et
989 1875 1106 1930 quasi
1138 1875 1344 1930 aperiunt.
1398 1875 1626 1916 Praeterea
1647 1888 1737 1929 spe-

121 1954 217 1995 cula
247 1967 430 1994 concava
460 1953 640 1994 reiciunt
670 1952 878 2007 imagines
908 1957 1071 2005 rectaS,
1113 1952 1173 1993 ita
1202 1957 1250 1993 ut
1282 1952 1432 1993 dextra
1454 1967 1549 2007 pars
1570 1966 1738 2007 respon-

122 2029 219 2071 deat
241 2029 415 2071 dextrae
433 2063 443 2083 ,
474 2030 596 2071 laeva
616 2030 774 2071 laevae.
827 2030 958 2070 Plura
980 2029 1185 2070 eiusmodi
1208 2029 1499 2085 phaenomena
1517 2063 1526 2083 ,
1559 2044 1665 2085 quae
1687 2030 1740 2070 ad

122 2108 289 2163 opticen
334 2108 575 2163 pertinent,
623 2108 807 2163 explicat
849 2112 974 2162 poeta
1017 2108 1093 2160 (vs.
1132 2109 1405 2162 299—378),
1461 2121 1566 2164 quae
1599 2112 1740 2148 tamen

120 2186 415 2241 praeterimus,
460 2200 514 2226 ne
560 2186 685 2226 nimis
730 2186 856 2240 longa
900 2185 973 2226 fiat
1014 2185 1117 2226 haec
1150 2186 1373 2241 expositio.
1436 2186 1652 2241 Quisque,
1697 2187 1741 2227 ni

121 2263 321 2316 fallimur,
368 2263 586 2304 nobiscum
628 2263 849 2304 mirabitur
881 2263 1154 2317 sagacitatem
1186 2264 1230 2304 in
1261 2263 1339 2306 hac
1375 2268 1493 2319 parte
1526 2264 1738 2305 doctrinae

122 2340 354 2381 adhibitam
399 2345 463 2394 et,
507 2342 542 2382 si
587 2342 630 2382 in
675 2342 838 2396 magnis
869 2342 1051 2382 voluisse
1083 2346 1146 2382 sat
1178 2346 1260 2395 est,
1295 2355 1458 2383 summa
1487 2342 1610 2383 laude
1643 2346 1740 2383 sunt

124 2418 240 2472 digni
279 2418 490 2473 Epicurei.
551 2419 751 2475 Epicurei
792 2419 995 2472 dicimus,
1037 2433 1134 2460 nam
1181 2420 1259 2460 etsi
1307 2420 1350 2460 in
1391 2419 1564 2474 Epicuri
1608 2420 1739 2475 ipsius

124 2496 287 2551 scriptis
317 2495 423 2536 nihil
453 2497 712 2551 invenimus,
743 2497 853 2553 quod
874 2497 955 2538 huc
976 2497 1241 2538 referendum
1264 2498 1339 2551 sit,
1371 2502 1512 2538 tamen
1533 2497 1738 2539 affirmare

123 2587 344 2628 possumus
374 2573 620 2616 Lucretium
651 2573 754 2616 haec
785 2589 869 2615 non
899 2575 1122 2616 invenisse.

183 2651 234 2691 In
280 2651 445 2707 scriptis
492 2653 604 2693 enim
645 2652 882 2694 Alexandri
930 2653 1297 2708 Aphrodisiensis,
1345 2653 1454 2694 docti
1499 2653 1740 2695 Aristotelis

127 2727 377 2783 scriptorum
422 2728 686 2784 interpretis,
746 2729 817 2784 qui
865 2729 1070 2784 Septimio
1112 2729 1274 2771 Severo
1321 2729 1489 2785 filioque
1531 2729 1746 2771 Caracalla

172 2909 196 2949 ¹)
240 2909 297 2941 Vs.
333 2910 393 2941 295
428 2919 515 2950 seqq.
562 2909 660 2941 Codd.
693 2920 740 2941 vs.
777 2912 838 2941 322
863 2911 983 2951 fronte.
1040 2910 1228 2951 Briegerum
1271 2914 1401 2942 secutus
1435 2921 1515 2942 sum.
1549 2910 1742 2943 Cf.Phi101.

129 2970 261 3002 XXIX.
285 2982 358 3012 pag.
384 2974 443 3002 441
