1894 3235
885 144 938 183 49

104 276 362 331 temporibus
405 276 642 331 praesentia
687 276 847 318 confert
887 276 1145 332 praeteritis,
1177 275 1320 316 laudat
1364 275 1552 316 fortunas
1595 290 1719 331 saepe

103 353 300 408 parentis.
371 353 519 394 Tristis
564 354 665 394 item
711 354 878 394 vetulae
930 354 1028 394 vitis
1075 357 1186 394 sator
1227 356 1352 408 atque
1385 353 1523 393 vietae
1563 357 1720 408 tempo-

103 431 158 471 ris
189 430 351 471 incusat
382 445 571 483 momen,
603 431 849 486 caelumque
884 431 1058 485 fatigat,
1097 435 1139 471 et
1161 434 1316 485 crepat,
1348 430 1566 485 antiquum
1589 444 1721 484 genus

103 511 150 549 ut
194 508 351 563 pietate
396 509 604 563 repletum
649 509 846 563 perfacile
892 509 1080 563 angustis
1126 508 1315 549 tolerarit
1351 508 1503 548 finibus
1549 521 1720 561 aevom,

104 599 198 626 cum
228 585 363 626 minor
394 589 503 626 esset
535 586 625 639 agri
655 586 787 626 multo
818 585 965 626 modus
997 590 1094 626 ante
1125 585 1313 625 viritim:
1344 598 1421 625 nec
1450 588 1565 625 tenet
1585 585 1724 625 omnia

104 663 307 718 paulatim
351 664 566 705 tabescere
614 668 655 704 et
692 665 753 705 ire
799 664 852 705 ad
897 664 1128 719 capulum,
1176 663 1309 718 spatio
1360 663 1510 704 aetatis
1562 662 1724 703 defessa

104 741 312 782 vetusto’¹.
332 743 360 794 1)

160 818 280 859 Haec
326 819 486 872 omnia,
533 833 639 874 quae
685 823 772 860 tam
803 819 947 874 pulcre
979 818 1203 860 Lucretius
1238 818 1462 871 describit,
1496 817 1546 858 de
1576 817 1725 858 mundi

103 897 305 950 interitu,
352 897 386 938 si
431 911 521 938 rem
567 897 938 938 animadvertimus
986 912 1068 937 non
1114 897 1291 938 formam
1329 897 1379 937 ab
1426 896 1609 951 Epicuro
1640 896 1725 936 iam

106 974 362 1015 docebantur
409 979 610 1030 sequente
654 975 917 1030 Leucippum
939 976 982 1027 2).
1060 974 1151 1021 Quo
1193 974 1315 1014 modo
1363 978 1504 1014 autem
1544 973 1725 1014 mundus

104 1053 350 1093 interiturus
397 1053 477 1106 sit,
524 1067 625 1093 num
671 1053 759 1093 ictu
804 1058 845 1093 et
891 1053 1106 1093 invasione
1145 1057 1380 1093 meteorum
1428 1066 1652 1093 concussus
1685 1056 1726 1092 et

105 1130 259 1172 fractus
278 1163 288 1183 ,
319 1145 373 1172 an
405 1135 619 1171 crescente
652 1130 869 1171 debilitate
900 1130 1120 1185 paullatim
1151 1131 1363 1185 periturus
1396 1130 1470 1183 sit,
1502 1130 1726 1170 Lucretius

106 1222 189 1248 non
218 1213 435 1250 memorat.
498 1209 736 1250 Secundum
770 1209 999 1249 Stobaeum
1030 1208 1238 1263 Epicurus
1269 1208 1313 1248 in
1343 1207 1532 1248 hocloco
1556 1207 1724 1260 docuit,

106 1287 217 1342 quod
248 1287 347 1327 alibi
379 1301 570 1342 quoque,
617 1287 743 1327 variis
774 1286 908 1327 modis
938 1286 981 1326 id
1012 1286 1102 1327 fieri
1134 1299 1253 1340 posse
1272 1284 1328 1338 3),
1370 1299 1522 1340 nempe
1553 1285 1726 1326 interire

106 1364 309 1405 mundum
340 1369 387 1405 ut
418 1365 643 1418 animalia,
675 1369 722 1405 ut
753 1365 918 1419 plantas
950 1364 1017 1404 vel
1048 1364 1129 1404 alio
1161 1363 1313 1416 modO,
1346 1377 1451 1419 quae
1474 1363 1603 1404 verba
1626 1363 1726 1403 satis

107 1446 203 1483 sunt
235 1443 437 1495 obscura,
471 1457 564 1483 cum
595 1456 750 1483 nexum
784 1456 868 1482 non
899 1441 1213 1496 perspiciamus.

166 1520 282 1568 Quae
305 1520 564 1575 praecedunt
588 1521 714 1571 (1023
738 1523 865 1575 seqq.)
889 1520 932 1559 in
954 1520 1035 1560 fine
1058 1520 1258 1573 leguntur
1278 1518 1374 1559 libri
1398 1517 1591 1571 secundi,
1614 1521 1726 1572 post-

107 1612 232 1653 quam
277 1601 402 1638 antea
438 1602 563 1652 poeta
594 1611 699 1652 quae
735 1611 844 1637 nunc
878 1611 1086 1651 exponam
1120 1596 1186 1649 (ad
1218 1596 1485 1648 sse—1012)
1518 1595 1726 1636 tractavit.

108 1675 307 1717 Ordinem
338 1676 593 1717 mutavimus
625 1675 722 1730 quia
754 1680 826 1715 aut
859 1675 1090 1715 doctrinam
1113 1674 1163 1714 de
1185 1673 1455 1714 multitudine
1477 1673 1727 1713 mundorum

107 1753 315 1808 posterius
352 1767 376 1793 a
407 1753 606 1793 Lucretio
639 1752 825 1793 additam
858 1765 971 1804 esse,
1005 1755 1076 1791 aut
1107 1751 1231 1806 primi
1265 1750 1436 1791 editoris
1467 1749 1729 1804 negligentia

108 1829 295 1870 ordinem
324 1834 533 1870 mutatum
567 1843 656 1869 esse
690 1843 932 1881 censemus,
964 1843 1062 1869 nam
1095 1828 1195 1869 satis
1228 1827 1456 1868 dilucidum
1488 1840 1578 1868 esse
1608 1827 1729 1867 nobis

107 1906 275 1946 videtur
297 1905 528 1946 doctrinam
548 1905 598 1946 de
618 1919 817 1946 sensuum
836 1910 878 1946 ct
896 1905 1008 1945 vitae
1028 1919 1082 1945 ex
1100 1904 1368 1945 insensilibus
1396 1908 1489 1944 ortu
1506 1904 1731 1944 transitum

107 1983 234 2024 fuisse
265 1983 317 2024 ad
348 1983 501 2023 librum
533 1982 731 2035 tertium,
765 1983 808 2022 in
840 1996 920 2037 quo
954 1981 1003 2022 de
1035 1982 1164 2022 animi
1195 1981 1450 2022 mortalitate
1481 1981 1568 2034 agit
1590 1985 1727 2035 poeta.

167 2060 273 2102 Cum
319 2060 612 2101 demonstrarit
659 2064 814 2100 terram
862 2064 903 2099 et
949 2073 1054 2114 quae
1101 2059 1145 2098 in
1191 2072 1240 2099 ea
1271 2062 1463 2099 crescunt
1495 2072 1550 2098 ex
1581 2058 1729 2099 atomis

109 2138 339 2193 composita
385 2152 503 2191 esse,
550 2142 681 2178 restat
727 2142 773 2177 ut
819 2137 932 2177 idem
980 2136 1030 2176 de
1063 2136 1313 2177 animalibus
1351 2136 1568 2189 ostendat,
1600 2140 1647 2176 ut
1679 2149 1728 2176 ea

108 2214 398 2270 phaenomena
423 2228 607 2270 quoque,
641 2227 746 2269 quae
769 2214 899 2254 vitam
922 2213 1206 2268 appellamus,
1231 2212 1428 2268 deinceps
1450 2226 1504 2252 ex
1532 2212 1621 2267 ipso
1642 2216 1728 2253 ato-

108 2306 271 2333 morum
302 2292 446 2333 ordine
479 2297 520 2333 et
550 2292 739 2347 positura
770 2291 986 2346 explicet,
1018 2305 1071 2331 ne
1103 2297 1300 2346 putemus
1322 2296 1488 2345 praeter
1508 2291 1728 2331 materiem

110 2373 153 2410 et
192 2383 372 2410 vacuum
402 2370 527 2411 aliam
558 2370 725 2410 tertiam
757 2374 951 2409 naturam
975 2383 1055 2422 per
1086 2382 1127 2408 se
1157 2368 1406 2420 consistere,
1454 2381 1560 2423 quae
1591 2381 1728 2422 neque

111 2461 260 2502 corpus
289 2461 425 2503 neque
456 2448 580 2489 inane
612 2448 676 2489 sit.
738 2447 857 2488 Idem
888 2447 1071 2488 inculcat
1102 2446 1322 2500 Epicurus.
1384 2445 1592 2500 Tempus,
1639 2445 1728 2485 feli-

111 2525 241 2578 citas,
273 2539 388 2566 amor
418 2539 567 2566 revera
599 2539 676 2565 non
712 2529 808 2565 sunt
840 2537 1014 2579 corpora
1045 2537 1181 2578 neque
1202 2536 1404 2563 vacuum:
1437 2526 1624 2563 attamen
1645 2536 1729 2563 non

111 2607 207 2643 sunt
251 2603 521 2658 incorporea:
569 2607 666 2643 sunt
711 2603 754 2643 in
800 2601 1042 2657 corporibus
1083 2614 1220 2656 neque
1267 2614 1342 2656 per
1389 2614 1444 2641 se.
1506 2600 1566 2641 At
1613 2600 1647 2640 si
1678 2599 1728 2640 de

157 2755 181 2791 1„
229 2755 278 2786 ΙΙ.
305 2756 386 2785 1164
410 2764 497 2795 seqq.

154 2817 179 2858 2)
226 2818 313 2849 Plut.
337 2817 418 2858 plac.
444 2817 492 2848 II.
518 2819 546 2848 4.
592 2817 791 2858 Ἐπίκουρος
815 2819 1008 2859 φθαρτὸν
1034 2818 1131 2857 (εἶναι
1156 2817 1216 2847 τὸν
1239 2817 1372 2856 κόσμον)
1387 2838 1395 2852 ,
1420 2815 1471 2847 ὅτι
1496 2815 1550 2846 καὶ
1566 2817 1729 2856 γενητὸν,

114 2881 163 2918 ὡς
187 2881 313 2922 ζῷον,
354 2882 406 2918 ὡς
436 2882 574 2922 φυτόν.

156 2942 182 2984 3)
228 2943 298 2974 Ecl.
324 2943 350 2974 Ι.
375 2945 453 2974 418;
479 2943 679 2983 Ἐπίκουρος
702 2941 875 2979 πλείστοις
899 2943 1036 2984 τρόποις
1061 2944 1120 2974 τὸν
1143 2943 1267 2982 κόσμον
1289 2940 1498 2982 φθείρεσθαι,
1522 2940 1577 2971 καὶ
1600 2941 1662 2982 γὰρ
1687 2941 1730 2976 ὡς

115 3005 218 3046 ζῷον,
242 3006 298 3037 καὶ
320 3006 364 3043 ὡς
387 3009 492 3047 φυτὸν
515 3007 570 3037 καὶ
593 3006 790 3046 πολλαχῶς.

1476 3066 1501 3105 4
