1894 3235
954 106 1033 146 106

179 240 486 294 proptereaque
517 239 784 281 adlaudabile
816 254 920 296 opus
952 240 1091 281 divom
1122 240 1292 281 laudare
1325 239 1473 282 decere
1496 245 1798 297 aeternumque

179 318 328 370 putare
373 320 499 372 atque
546 317 781 359 immortale
813 317 1024 371 futurum,
1071 332 1148 359 nec
1187 318 1249 359 fas
1281 331 1399 372 esse,
1448 319 1573 360 deum
1605 320 1715 376 quod
1745 320 1798 361 sit

179 392 341 434 ratione
382 398 550 435 vetusta
586 394 783 448 gentibus
814 394 1008 436 humanis
1039 395 1260 437 fundatum
1294 400 1498 451 perpetuo
1530 411 1656 451 aevo,
1689 397 1799 439 solli-

179 469 307 511 citare
353 471 438 512 suis
483 471 569 512 ulla
600 472 641 512 vi
673 485 727 512 ex
759 472 926 513 sedibus
957 487 1175 529 umquam,
1206 487 1284 515 nec
1316 474 1455 514 verbis
1486 488 1642 516 vexare
1673 479 1716 530 et
1745 475 1798 517 ab

177 547 261 588 imo
293 551 483 589 evertere
515 562 705 602 summa,
754 553 894 591 cetera
925 549 976 591 de
1008 564 1163 605 genere
1194 550 1272 592 hoc
1304 551 1516 606 adfingere
1549 556 1591 593 ct
1621 551 1798 606 addere,

176 624 377 679 Memmi,
425 625 696 682 desiperest'’.
759 627 869 675 Quid
911 628 1023 668 enim
1058 628 1156 669 deos
1186 629 1386 670 movisset
1417 634 1463 670 ut
1494 629 1696 671 mundum
1726 629 1799 671 ho-

175 702 393 759 minesque
440 709 664 745 crearent?
726 705 891 753 Quidve
937 706 1037 747 mali
1084 706 1204 747 nobis
1246 706 1420 757 fuisset,
1471 708 1503 747 si
1545 722 1628 748 11011
1669 708 1799 750 creati

175 781 437 835 essemus?¹)
498 782 622 824 Unde
668 782 725 823 dii
770 783 1012 839 petiverunt
1048 784 1276 838 imaginem
1309 784 1526 826 hominum
1576 786 1664 827 sive
1696 788 1798 841 πρό-

175 858 322 913 ληψιν,
357 873 482 915 quam
514 861 647 901 secuti
679 874 750 902 eos
783 862 1010 902 crearent?
1070 862 1234 903 Natura
1266 862 1357 918 ipsa
1387 864 1689 918 principiorum
1719 863 1799 904 for-

175 936 282 977 tuito
332 951 558 992 congressu
604 939 784 994 quodam
829 939 929 980 fecit
974 939 1178 980 mundum
1225 954 1453 996 omnesque
1500 942 1542 982 111
1588 955 1637 983 00
1668 955 1735 983 res
1751 945 1797 992 2).

175 1013 353 1056 Etiamsi
385 1015 617 1057 doctrinam
649 1017 699 1058 de
731 1018 881 1058 atomis
912 1032 995 1059 non
1026 1031 1218 1072 nossem,
1242 1023 1384 1060 tamen
1411 1023 1552 1072 „tanto
1576 1023 1659 1061 stat
1679 1033 1798 1075 prae-

175 1092 262 1133 dita
307 1094 431 1150 culpa
470 1108 609 1136 rerum
641 1094 893 1150 natura”²³),
940 1100 987 1136 ut
1020 1109 1101 1149 „ex
1131 1096 1233 1152 ipsis
1264 1096 1368 1138 caeli
1399 1097 1631 1138 rationibus
1661 1096 1798 1138 ausim

175 1172 421 1214 confirmare
461 1173 637 1230 aliisque
685 1188 740 1215 ex
784 1174 910 1216 rebus
941 1174 1116 1216 reddere
1149 1174 1322 1227 multis,
1368 1188 1633 1230 nequaquam
1678 1174 1798 1216 nobis

177 1250 378 1292 divinitus
425 1266 515 1293 esse
557 1254 790 1308 paratam''.
859 1253 971 1294 Vide
1003 1267 1129 1309 quam
1160 1267 1333 1309 parvam
1365 1257 1501 1294 terrac
1531 1256 1694 1308 partem
1725 1252 1798 1294 ho-

175 1328 310 1369 mines
357 1330 551 1371 excolere
599 1330 787 1386 possint,
834 1331 961 1372 etiam
993 1330 1292 1372 strenuissimis
1326 1330 1538 1371 laboribus
1569 1329 1795 1372 adhibitis:

174 1410 216 1447 et
247 1421 372 1463 saepe
404 1408 566 1462 omnia,
598 1423 706 1465 quae
738 1409 1046 1450 elaboravimus
1086 1423 1211 1465 quam
1243 1409 1380 1450 subito
1402 1409 1639 1450 intereant:
1678 1422 1796 1464 prae-

173 1488 291 1525 terea
321 1485 608 1527 animadverte
642 1500 785 1528 omnes
808 1486 970 1528 dolores
992 1486 1215 1542 omniaque
1237 1486 1445 1542 pericula,
1478 1500 1584 1542 quae
1605 1485 1797 1527 homines

173 1567 358 1617 vexant,
396 1568 598 1616 „mortem
620 1564 930 1618 immaturam'’,
954 1578 1060 1621 quae
1084 1578 1209 1620 saepe
1233 1564 1408 1605 iuvenes
1429 1565 1629 1620 corripit,
1661 1563 1796 1605 infans

173 1655 298 1696 quam
340 1642 468 1683 miser
495 1643 574 1696 sit,
610 1643 681 1698 qui
715 1643 887 1698 „vagitu
918 1643 1056 1684 locum
1088 1643 1258 1697 lugubri
1290 1643 1494 1698 complet,
1531 1647 1578 1683 ut
1609 1645 1797 1684 aecumst

173 1718 240 1759 cui
295 1722 459 1760 tantum
504 1720 547 1760 in
592 1720 681 1761 vita
726 1724 857 1761 restet
902 1721 1079 1762 transire
1127 1721 1377 1774 malorum’⁷,
1440 1735 1535 1762 011111
1585 1720 1796 1777 pecudum

172 1796 301 1837 catuli
332 1796 524 1839 fortiores
553 1797 842 1855 felicioresque
874 1799 957 1840 sint
973 1798 1025 1853 4),
1058 1798 1162 1840 haec
1194 1799 1335 1840 omnia
1372 1799 1406 1840 si
1427 1799 1690 1855 reputaveris
1710 1813 1795 1841 non

171 1874 351 1930 amplius
397 1874 531 1929 dices,
574 1876 749 1931 opinor,
796 1876 895 1918 deos
941 1875 1053 1918 1111110
1095 1876 1298 1918 mundum
1329 1891 1504 1919 creasse.
1537 1903 1590 1906 —
1623 1877 1796 1919 Summa

171 1952 428 2008 immanique
474 1954 647 1996 tristitia
692 1958 909 2010 correptus
947 1954 1023 1996 hos
1053 1968 1200 1996 versus
1230 1959 1357 2011 poeta
1387 1955 1574 2011 scripsit,
1606 1955 1678 2012 qui
1709 1969 1794 1997 om-

170 2030 270 2071 nino
302 2035 391 2071 tum
424 2035 488 2072 est
519 2032 897 2088 eloquentissimus,
929 2047 1023 2074 cum
1056 2033 1106 2074 de
1138 2033 1247 2074 tristi
1278 2033 1495 2074 hominum
1526 2037 1637 2075 sorte
1668 2037 1711 2075 et
1741 2033 1793 2075 de
1826 2056 1829 2059 ·

170 2108 387 2163 religionis
432 2110 581 2151 timore
628 2111 880 2166 expellendo
928 2111 1052 2152 canit.
1115 2111 1198 2153 Sed
1245 2125 1347 2167 quos
1392 2111 1652 2153 adversarios
1694 2115 1791 2152 ante

170 2187 312 2228 oculos
357 2192 483 2243 poeta
527 2188 676 2230 habuit
721 2203 816 2230 cum
856 2189 960 2231 haec
1007 2190 1204 2246 scripsit?
1265 2189 1334 2231 Ad
1364 2189 1472 2231 hanc
1504 2190 1792 2246 quaestionem

170 2260 415 2307 solvendam
461 2267 644 2322 primum
688 2267 1074 2309 animadvertamus
1120 2282 1264 2309 omnes
1310 2267 1402 2319 has,
1427 2267 1703 2309 refutationes
1739 2268 1792 2310 ad

169 2344 293 2385 unius
324 2344 565 2401 philosophi
597 2345 830 2387 doctrinam
861 2346 1102 2401 pertinere,
1135 2346 1344 2387 censentis
1376 2359 1397 2387 e
1429 2346 1616 2402 perfecta
1645 2346 1791 2388 mundi

168 2421 302 2464 forma
333 2427 374 2464 et
410 2423 541 2475 „caeli
572 2424 831 2465 rationibus''
863 2425 981 2480 sequi
1013 2423 1112 2465 deos
1142 2424 1386 2465 universum
1417 2423 1635 2466 hominum
1665 2439 1791 2466 causa

169 2512 356 2553 creasse,
387 2501 525 2556 ipsum
558 2501 731 2542 deorum
763 2501 882 2542 sedes
913 2501 1155 2555 continere,
1187 2502 1288 2557 quin
1320 2503 1447 2543 etiam
1478 2502 1618 2544 divino
1650 2502 1789 2544 animo

167 2578 372 2619 mundum
404 2593 495 2620 esse
537 2579 803 2635 praeditum,
850 2584 975 2635 atque
1006 2579 1116 2621 hanc
1147 2580 1198 2621 ob
1230 2594 1319 2622 rem
1350 2581 1394 2621 111
1425 2585 1644 2622 aeternum
1673 2595 1788 2622 man-

211 2792 235 2832 ¹)
280 2791 338 2826 Vs.
365 2794 544 2824 156—165.

211 2855 234 2892 2)
280 2854 337 2887 Vs.
367 2857 541 2888 166—195.

210 2918 236 2958 3)
281 2918 337 2950 Vs.
367 2920 424 2950 199
448 2929 535 2961 seqq.

209 2980 235 3022 4)
282 2980 541 3013 Vs.195—235.
