1894 3235
898 169 951 209 45

116 300 294 342 iniectus
315 301 338 354 ¹)
369 300 459 341 fieri
488 314 636 356 posse,
671 301 839 355 „procul
870 301 987 342 avius
1018 302 1182 355 erras'',
1214 316 1311 343 nam
1336 303 1543 344 coloribus
1572 303 1624 345 ad
1646 318 1733 345 cor-

117 392 219 434 pora
262 378 530 434 percipienda
573 392 658 419 non
702 393 805 433 opus
851 384 925 419 est.
988 379 1157 421 Colores
1202 385 1407 435 perpetuo
1454 381 1524 421 alii
1555 381 1598 421 in
1630 382 1732 422 alios

116 460 360 509 mutantur3
392 460 433 497 at
463 456 591 497 atomi
621 460 717 496 sunt
746 456 1055 510 immutabiles,
1088 472 1187 512 ergo
1219 458 1426 499 coloribus
1454 473 1537 499 non
1559 465 1732 514 possunt

119 547 209 574 esse
264 533 491 589 praeditae.
576 533 805 575 Praeterea
854 539 1093 590 „nequeunt
1135 536 1223 576 sine
1271 536 1364 576 luce
1413 536 1572 577 colores
1618 550 1731 590 esse,

117 625 254 666 neque
298 611 341 650 in
387 611 524 652 lucem
570 610 757 651 existunt
793 611 1020 666 primordia
1049 613 1246 653 rerum'':
1296 627 1396 667 ergo
1445 614 1604 654 colores
1649 629 1733 655 non

117 688 286 730 habent.
348 688 459 736 Quid
504 692 645 729 autem
689 688 781 744 ipsa
819 689 893 729 lux
941 690 1019 742 sit,
1066 705 1167 730 num
1214 704 1263 732 ea
1301 705 1466 746 quoque
1499 705 1553 732 ex
1584 693 1732 733 atomis

118 769 300 818 constet,
331 765 552 806 Lucretius
582 779 665 806 non
695 770 899 806 memorat
929 780 1065 822 neque
1098 767 1207 822 quod
1238 767 1430 808 novimus
1453 801 1463 821 ,
1509 768 1729 823 Epicurus.

119 842 233 883 Stob.
279 842 368 883 Ecl.
414 842 448 883 I.
482 843 590 883 336:
652 844 900 899 Ἐπίκουρος
949 848 1010 886 καὶ
1043 845 1327 901 Ἀρίσταρχος
1357 845 1406 887 roi
1438 848 1480 887 ἐν
1510 850 1567 902 τῷ
1599 849 1732 902 σκότῳ

118 922 307 976 χρήματα
339 921 475 976 χρόαν
507 921 581 962 οὐκ
611 921 720 977 ’ἔχειν
754 922 934 976 (φατόν).

174 996 371 1037 Pluribus
403 997 598 1038 adhibitis
630 998 888 1052 argumentis
919 998 1032 1039 idem
1064 998 1332 1040 demonstrat.
1381 1000 1549 1042 Colores
1582 1006 1629 1042 ut
1651 1001 1731 1043 alia

118 1088 336 1130 corporum
367 1075 631 1129 accedentia,
676 1090 698 1116 e
740 1076 855 1117 vario
888 1076 1030 1116 ordine
1064 1081 1105 1117 et
1136 1077 1224 1118 loco
1256 1089 1490 1119 atomorum
1520 1079 1731 1133 oriuntur3

118 1152 153 1192 si
183 1153 371 1194 ordinem
400 1158 632 1207 mutamus,
665 1154 776 1194 color
807 1167 971 1209 quoque
1002 1162 1188 1194 mutatur
1207 1156 1254 1208 2).

174 1230 305 1271 Porro
351 1245 433 1271 non
481 1231 614 1272 solum
660 1231 817 1272 colores
862 1246 945 1271 non
981 1231 1138 1272 habent
1168 1232 1395 1287 primordia.
1425 1247 1571 1274 verum
1605 1235 1731 1275 etiam

118 1308 223 1349 aliae
256 1309 505 1364 qualitateS,
553 1309 686 1361 color,
731 1308 889 1362 friguS,
938 1308 1059 1361 odor,
1099 1323 1245 1364 sapor,
1280 1310 1439 1351 sonitus
1468 1311 1519 1351 iis
1551 1311 1728 1352 desunt:

117 1386 220 1428 haec
267 1387 377 1428 enim
425 1387 563 1427 omnia
605 1391 701 1427 sunt
746 1387 963 1427 mutabilia
1009 1394 1050 1427 et
1095 1386 1202 1428 hanc
1242 1388 1292 1428 ob
1325 1403 1493 1430 causam
1525 1391 1730 1431 mortalia.

117 1464 234 1512 Quae
267 1465 300 1505 si
332 1465 480 1506 atomis
510 1465 805 1517 tribueremus,
838 1464 1061 1505 mutabiles
1093 1479 1163 1505 eas
1183 1465 1480 1519 redderemus,
1506 1481 1603 1521 ergo
1625 1482 1731 1508 mor-

116 1542 222 1583 tales
253 1556 444 1598 quoque,
478 1556 557 1597 quo
588 1542 708 1583 fieret
740 1548 786 1582 ut
817 1542 870 1583 ad
900 1542 1032 1582 nilum
1062 1542 1249 1583 funditus
1282 1544 1420 1584 omnia
1450 1544 1636 1585 redirent
1659 1544 1702 1594 ³).

174 1619 325 1661 Omnia
354 1620 510 1674 igitur,
543 1634 649 1675 quae
681 1629 803 1673 sunt,
835 1620 945 1661 facta
977 1634 1065 1660 esse
1099 1621 1400 1675 eprimordiis,
1434 1636 1542 1677 quae
1566 1628 1734 1678 praeter

115 1698 475 1752 magnitudinem,
523 1699 800 1752 gravitatem,
847 1698 1044 1750 formam,
1082 1698 1240 1738 nullam
1271 1698 1454 1740 habeant
1487 1701 1733 1755 qualitatem

116 1789 281 1829 earum,
328 1789 434 1831 quae
481 1790 536 1817 ex
575 1776 625 1816 iis
667 1780 857 1816 constent
886 1790 1053 1829 rerum,
1101 1777 1330 1817 secundum
1362 1777 1593 1832 Epicurum
1624 1779 1728 1820 ratio

114 1867 189 1894 nos
241 1853 387 1894 docet:
441 1867 583 1894 omnes
634 1853 914 1906 mutationes,
965 1858 1027 1894 tot
1071 1858 1240 1910 tamque
1289 1855 1545 1896 diversarum
1591 1870 1731 1897 rerum

115 2016 283 2056 ἐπιβολὴν
314 2016 572 2056 λαμβανόμενον
602 2018 643 2057 τῇ
675 2015 812 2057 διανοίᾳ,
855 2015 972 2056 Itaque
994 2014 1164 2055 paullatim
1181 2015 1286 2046 ideam
1302 2015 1355 2047 vel
1369 2015 1535 2047 notionem
1551 2020 1731 2048 atomorum

115 2078 321 2119 accepimus,
367 2089 449 2119 quae
482 2078 575 2110 nobis
609 2089 694 2109 nunc
730 2088 854 2118 semper
886 2082 1014 2118 praesto
1062 2082 1110 2109 est
1143 2089 1255 2109 vocem
1281 2078 1380 2110 atomi
1404 2078 1596 2110 dicentibus.
1642 2080 1731 2120 Ergo

115 2141 320 2173 scribendum
368 2152 436 2173 esse
484 2152 617 2173 censeo:
663 2141 748 2180 αὕτη
785 2141 810 2172 ‹3'
827 2141 846 2179 ἡ
887 2143 978 2182 φωνή
1027 2140 1172 2182 (scilicit:
1220 2141 1359 2182 atomus)
1410 2143 1541 2174 τούτων
1591 2143 1732 2175 πάντων

114 2205 409 2247 μνημονευομένων
452 2204 493 2242 (h.
529 2215 554 2238 e.
578 2204 748 2242 omnibus,
781 2215 862 2245 quae
885 2205 923 2235 de
945 2204 985 2235 iis
1001 2203 1276 2245 praedicavimus,
1294 2204 1519 2245 qualitatibus)
1539 2206 1600 2237 τὸν
1618 2207 1733 2238 ἱκανὸν

115 2268 226 2300 τύπον
265 2271 358 2308 (quae
396 2278 469 2298 cum
507 2266 624 2298 emissa
661 2277 739 2297 voce
777 2265 941 2306 convenit)
976 2266 1163 2305 ὑποβάλλει
1196 2268 1237 2308 τῇ
1260 2270 1321 2304 τῆς
1352 2270 1419 2298 τῶν
1443 2267 1577 2307 ἀτόμων
1606 2267 1733 2308 φύσεως

116 2329 257 2372 ἐπινοίᾳ.
301 2329 452 2371 Plerique
486 2330 575 2361 codd.
612 2329 758 2361 scribunt
792 2330 956 2366 ἐπινοίαις
984 2339 1042 2369 pro
1074 2330 1246 2367 ἐπινοίαςε
1272 2329 1311 2360 de
1335 2332 1402 2361 τῶν
1427 2329 1537 2361 ὄντων
1565 2334 1675 2361 autem
1697 2330 1733 2361 in

113 2392 175 2425 hoc
196 2403 285 2425 nexu
307 2403 411 2425 sermo
434 2403 502 2424 esse
524 2403 590 2424 non
611 2396 728 2433 potest.

160 2455 186 2494 ¹)
229 2455 285 2487 Vs.
309 2456 378 2488 740.
422 2454 494 2486 Vox
517 2454 620 2486 latina
641 2464 699 2495 pro
721 2453 857 2494 Epicuri
879 2453 1038 2494 ἐπιβολὴ.

158 2518 181 2556 ’-’)
226 2518 305 2550 Plut
340 2519 412 2549 adv.
453 2517 554 2550 Colot.
595 2519 634 2550 7:
670 2516 831 2558 Epicurus
854 2517 947 2548 docet
969 2515 1089 2548 colores
1111 2526 1177 2547 non
1201 2526 1270 2547 esse
1293 2519 1447 2555 ,,συμφυῆ
1479 2520 1550 2553 τοῖς
1583 2517 1732 2558 σώμασιν

115 2583 207 2615 ἀλλὰ
234 2583 420 2624 γεννᾶσθαι
449 2582 534 2613 κατὰ
568 2582 666 2618 ποιάς
693 2592 788 2617 τινας
815 2579 923 2616 τάξεις
947 2580 1001 2610 καὶ
1028 2578 1128 2615 δέσεις
1155 2579 1243 2619 πρὸς
1271 2579 1336 2616 τὴν
1367 2579 1480 2619 ὄψιν”.

157 2646 184 2687 ³)
229 2645 282 2677 VS.
299 2647 370 2676 842.
403 2645 441 2677 D.
470 2644 508 2675 L.
538 2643 588 2682 X,
614 2647 676 2675 44:
707 2646 785 2685 φησὶ
815 2643 840 2675 δ’
873 2643 1030 2684 ἐνδοτέρω
1058 2642 1136 2683 μηδὲ
1165 2642 1332 2680 ποιότητά
1362 2655 1438 2673 τινα
1471 2643 1547 2683 περὶ
1572 2644 1632 2679 τὰς
1653 2643 1730 2674 ἀτό-

115 2721 197 2751 μους
231 2711 314 2740 eluat
339 2709 432 2746 πλὴν
468 2707 639 2749 σχήματος
673 2709 726 2739 καὶ
755 2707 914 2749 μεγέθους
940 2708 994 2738 καὶ
1025 2705 1166 2746 βάρους.
1199 2707 1261 2736 54:
1292 2707 1350 2742 τὰς
1378 2705 1527 2745 α’τόμους
1554 2705 1731 2746 νομιστέον

115 2772 276 2814 μηδεμίαν
318 2774 482 2809 ποιότητα
526 2774 595 2803 τῶν
638 2771 845 2811 φαινομένων
884 2769 1130 2811 προσφέρεσθαι
1169 2770 1266 2805 πλὴν
1304 2769 1483 2809 σχήματος
1521 2768 1576 2799 καὶ
1603 2767 1732 2808 βάρους

116 2837 171 2867 καὶ
201 2835 359 2877 μεγέθους
389 2836 442 2866 καὶ
468 2835 529 2867 ὅσα
555 2834 587 2869 ἐξ
615 2833 771 2875 ἀνάγκης
803 2835 952 2874 σχήματι
979 2835 1110 2874 συμφυῆ
1138 2831 1207 2863 ἐστί
1224 2856 1230 2863 .
1247 2834 1389 2869 ποιότης
1417 2833 1481 2872 γὰρ
1507 2832 1602 2863 πᾶσα
1633 2842 1731 2871 μετα-

115 2897 256 2939 βάλλει,
288 2900 321 2930 αὶ
360 2897 385 2929 δ’
403 2899 520 2937 ἄτομοι
554 2897 651 2929 οὐδὲν
689 2895 980 2938 μεταβάλλουσιν,
1024 2895 1202 2933 ἐπειδήπερ
1239 2894 1283 2926 δεῖ
1321 2907 1352 2925 τι
1382 2893 1559 2934 ὑπομένειν
1594 2893 1630 2925 ἐν
1657 2896 1732 2930 ταῖς

116 2960 286 2994 διαλύσεσι
327 2964 394 2993 τῶν
444 2961 650 3002 συγτρίσεων
693 2960 828 3001 στερεὸν
861 2961 914 2991 καὶ
940 2958 1142 2995 ἀδιάλυτον,
1175 2958 1192 2987 ὃ
1222 2959 1282 2994 τὰς
1312 2957 1506 2998 μεταβολὰς
1530 2958 1590 2989 οὐκ
1616 2957 1660 2994 εἰς
1693 2959 1731 2989 τὸ

115 3025 160 3065 μὴ
182 3023 222 3056 ὃν
248 3023 424 3061 ποιήσεται
451 3022 519 3055 οὐδ’
548 3023 582 3055 ἐκ
611 3024 668 3054 τοῦ
696 3023 741 3062 μὴ
767 3023 877 3059 ὄντος.
