1894 3235
912 94 937 134 8

116 226 318 268 Ovidius:
384 226 606 280 „Carmina
652 225 840 268 sublimis
870 231 968 268 tunc
1010 231 1106 268 sunt
1147 227 1334 283 peritura
1362 227 1560 281 Lucreti,
1600 227 1730 268 exitio

115 309 247 346 terras
291 319 386 346 cum
433 304 547 345 dabit
578 317 662 344 una
693 303 852 353 dies''¹)
903 309 944 345 et
980 304 1218 360 Vergilius,
1251 305 1370 346 cuius
1399 305 1596 346 iudicium
1631 305 1731 347 satis

115 386 291 438 apparet
321 395 343 423 e
374 381 644 423 multitudine
675 381 860 421 locorum
890 381 942 422 ab
973 396 1021 422 eo
1054 395 1076 423 e
1098 387 1222 437 poeta
1244 388 1384 423 nostro
1409 387 1668 438 sumptorum
1684 386 1729 432 2).

114 459 207 500 Etsi
237 460 280 500 in
311 459 498 500 confesso
529 464 592 500 est
621 458 775 499 multas
803 472 1060 515 magnasque
1091 465 1231 515 partes
1263 460 1505 502 Lucretiani
1537 460 1731 501 carminis

114 537 334 592 languidas
379 550 468 578 esse
513 541 554 577 et
585 536 671 577 fere
700 549 847 591 prosae
879 537 1055 578 orationi
1087 538 1266 591 similes,
1315 543 1456 579 tamen
1486 538 1637 579 mirum
1669 542 1731 578 est

115 614 386 656 eruditissimi
431 618 473 655 et
519 613 724 654 bonarum
762 613 917 653 artium
961 614 1203 668 peritissimi
1234 615 1444 670 Lessingii
1476 615 1677 656 iudicium
1708 629 1733 656 a

115 697 350 734 ceterorum
380 692 439 733 ita
468 691 733 746 discrepare,
763 694 811 731 ut
841 690 945 732 haec
977 691 1107 732 verba
1138 692 1376 748 scripserit:
1430 693 1614 745 „Lucrez
1639 692 1732 734 'und

114 770 251 811 seines
283 768 487 811 Gleichen
518 768 610 809 sind
640 767 921 810 Vei-smacher
951 768 1050 809 aber
1081 768 1204 810 keine
1236 769 1424 811 Dichter.
1473 769 1548 812 Ich
1578 770 1731 825 leugne

113 847 256 901 nicht,
303 847 396 889 dass
439 860 537 888 man
583 846 650 887 ein
698 846 864 901 System
894 846 937 886 in
968 846 1037 887 ein
1069 846 1378 901 Silbenmaass,
1425 847 1524 889 oder
1553 847 1660 889 auch
1690 849 1733 888 in

114 925 265 967 Reime
308 925 486 979 bringen
527 924 694 977 kenne,
741 923 920 966 sondern
964 923 1033 964 ich
1077 924 1231 979 leugne
1276 924 1370 966 dass
1411 925 1546 967 dieses
1591 926 1633 967 in
1665 926 1733 966 ein

115 1019 296 1051 Stoicorum
330 1023 363 1050 et
394 1017 660 1049 Academicorum
693 1021 764 1049 tum
796 1017 831 1048 in
858 1017 1092 1058 Epicureorum
1116 1017 1270 1056 familiis,
1306 1028 1387 1060 quae
1411 1018 1527 1060 cuique
1550 1018 1620 1051 viro
1641 1019 1735 1051 docto

112 1086 220 1114 essent
250 1085 328 1113 nota
355 1084 388 1112 et
420 1080 622 1121 pervulgata.
669 1080 719 1111 De
743 1079 886 1120 Epicuro
909 1079 1084 1111 Lucretius
1107 1079 1215 1111 dixit:
1261 1081 1392 1122 „Atque
1425 1091 1518 1112 omne
1540 1080 1734 1113 immensum

112 1145 298 1186 peragravit
331 1147 439 1175 mente
461 1143 655 1185 animoque”
695 1143 749 1184 (1,
783 1143 836 1184 74)
851 1167 859 1181 ,
907 1142 1019 1175 Cicero
1042 1146 1174 1174 autem:
1211 1143 1290 1185 „qui
1312 1143 1458 1175 infinitas
1480 1143 1646 1185 regiones,
1671 1154 1735 1186 qua

111 1207 204 1239 nulla
236 1210 320 1239 esset
353 1206 562 1245 extremitas,
597 1210 704 1238 mente
739 1206 995 1247 peragravisset;
1034 1205 1086 1248 (de
1119 1205 1191 1237 Fin.
1229 1206 1288 1245 ΙΙ,
1314 1206 1389 1247 31);
1425 1205 1596 1238 Lucretius
1627 1206 1731 1238 dixit:

111 1271 219 1310 „Nam
255 1269 322 1302 iam
351 1280 445 1311 saepe
479 1269 626 1302 homines
659 1269 798 1311 patriam
833 1280 988 1312 carosque
1019 1272 1169 1310 parentes
1192 1269 1420 1310 prodiderunt,
1444 1268 1547 1301 vitare
1570 1268 1736 1302 acherusia

111 1333 233 1375 templa
266 1334 434 1375 petentes’'
462 1333 538 1371 ΙΙΙ,
567 1335 606 1365 85
620 1356 630 1373 ,
660 1333 773 1365 Cicero
796 1337 926 1365 autem:
952 1332 1091 1372 „Mortis
1114 1337 1204 1364 metu
1222 1356 1228 1363 .
1248 1356 1254 1363 .
1274 1356 1280 1363 .
1298 1355 1307 1364 .
1331 1332 1427 1364 multi
1449 1336 1617 1373 parentes,
1641 1331 1738 1364 multi

112 1396 253 1435 amicos,
288 1395 439 1428 nonnulli
472 1395 610 1437 patriam
633 1396 844 1437 perdiderunt
857 1396 888 1433 ‚''
916 1396 970 1436 (de
995 1395 1068 1427 Fin.
1094 1395 1130 1434 Ι,
1158 1397 1217 1433 15).
1265 1395 1348 1434 Sed,
1370 1406 1411 1427 ne
1432 1395 1527 1436 plura
1548 1394 1736 1433 laudemus,

111 1460 148 1492 hi
180 1459 244 1492 loci
265 1470 332 1492 non
354 1463 421 1491 tam
445 1463 521 1491 sunt
543 1462 758 1500 congruentes
775 1483 782 1497 ,
822 1458 901 1500 quin
924 1458 1079 1499 explicari
1102 1458 1228 1499 possint
1253 1469 1269 1490 e
1293 1457 1457 1490 communi
1479 1457 1614 1498 Epicuri
1636 1457 1736 1498 scrip-

112 1528 219 1556 torum
235 1534 306 1555 usu.
354 1522 485 1554 Martha
507 1532 601 1562 porro
625 1521 758 1553 laudat:
806 1521 923 1560 „Viam
946 1520 1163 1553 monstravit''
1197 1521 1256 1559 (VI
1272 1545 1280 1559 ‚
1305 1523 1370 1559 27).
1416 1521 1559 1559 „Omnes
1582 1524 1738 1553 monstret

112 1586 204 1619 vias'’
244 1585 296 1627 (de
330 1585 404 1617 Fin.
438 1584 477 1624 Ι,
514 1587 585 1623 14);
619 1583 730 1623 „Cura
761 1588 884 1616 semota
916 1585 1092 1626 metuque'’
1119 1584 1157 1616 II
1172 1608 1180 1623 ,
1218 1586 1278 1622 19,
1302 1583 1371 1622 „Ut
1392 1583 1462 1616 sine
1485 1594 1562 1616 cura
1584 1587 1737 1626 metuque

113 1648 285 1681 vivamus''
313 1647 366 1691 (de
393 1646 465 1679 Fin.
493 1647 509 1679 I
524 1671 532 1686 ‚
560 1647 622 1688 15).
669 1647 732 1678 Sed
757 1647 829 1689 quis
852 1658 918 1679 non
940 1646 1035 1678 videt
1054 1647 1170 1679 horum
1192 1646 1336 1678 locorum
1359 1657 1491 1687 parvam
1514 1650 1547 1678 et
1568 1646 1734 1678 fortuitam

113 1711 360 1744 similitudinem
383 1721 448 1743 non
471 1721 563 1751 posse
585 1710 720 1751 probare
745 1710 933 1742 Ciceronem
957 1720 1010 1742 eos
1034 1720 1051 1741 e
1075 1709 1220 1742 Lucretii
1243 1709 1440 1741 carminibus
1463 1709 1637 1741 hausisse?

155 1773 250 1806 Nihil
272 1777 321 1805 est
334 1797 342 1812 ‚
378 1774 464 1815 quod
486 1771 580 1804 nobis
602 1773 774 1813 persuadet
787 1796 795 1811 ‚
821 1772 1013 1804 Ciceronem
1037 1772 1183 1804 Lucretii
1206 1783 1286 1813 opus
1311 1776 1460 1804 accurate
1482 1772 1609 1814 legisse.
1643 1772 1737 1809 Quod

113 1837 142 1869 si
162 1836 210 1869 ita
232 1840 301 1876 est,
325 1836 381 1868 ille
405 1835 537 1875 Cicero,
574 1846 672 1878 quem
697 1834 922 1878 Hieronymus
935 1859 943 1875 ‚
967 1846 984 1867 e
1009 1835 1165 1868 Suetonio
1187 1836 1322 1868 fortasse
1336 1860 1344 1875 ‚
1369 1835 1498 1868 nomine
1520 1835 1643 1867 indicat
1656 1860 1664 1875 ,
1688 1839 1738 1867 est

114 1900 257 1938 Quintus
286 1900 407 1939 frater;
440 1900 526 1941 quod
549 1898 671 1940 optime
694 1898 848 1930 convenit
870 1909 944 1930 cum
967 1898 1124 1939 epistolae
1147 1899 1255 1931 verbis
1278 1909 1375 1940 supra
1397 1898 1548 1931 laudatis.
1595 1898 1738 1936 Quintus

112 1963 200 2006 prior
233 1962 362 2004 scripsit
396 1962 526 2001 Marco,
564 1963 634 1994 eius
665 1961 825 1994 iudicium
858 1972 1016 2003 quaerens
1053 1963 1092 1994 de
1127 1962 1275 1994 Lucretii
1305 1962 1502 1994 carminibus
1517 1987 1525 2002 ‚
1574 1962 1738 2004 cumipse

113 2027 301 2069 opinaretur
323 2037 360 2058 ea
382 2026 492 2068 magni
514 2030 627 2067 poetae
648 2026 780 2067 ingenio
803 2026 902 2067 digna
925 2036 1004 2057 esse.
1041 2026 1183 2064 Marcus,
1208 2025 1265 2068 qui
1288 2026 1442 2058 extremis
1465 2030 1593 2058 tantum
1616 2025 1735 2065 labris,

112 2093 150 2121 ut
171 2089 219 2121 ita
241 2088 364 2127 dicam,
389 2099 427 2120 ea
450 2092 640 2130 gustaverat
654 2113 662 2127 ‚
686 2092 719 2120 et
742 2099 817 2120 mox
841 2088 968 2120 viderat
990 2099 1111 2120 nexum
1135 2088 1277 2129 partium
1301 2088 1335 2120 in
1358 2089 1419 2121 hoc
1435 2099 1529 2129 opere
1550 2087 1736 2120 debiliorem

112 2162 181 2184 esse
214 2156 247 2184 et
268 2151 381 2183 laxum
395 2176 403 2191 ,
445 2153 473 2183 ei
496 2153 668 2192 respondet
690 2152 803 2193 paucis
827 2152 955 2184 verbis:
992 2152 1158 2191 „Lucretii
1180 2157 1348 2193 poemata,
1373 2156 1410 2183 ut
1433 2151 1546 2183 scribis
1569 2151 1615 2183 ita
1637 2154 1734 2182 sunt:

113 2214 227 2246 multis
260 2214 441 2247 luminibus
469 2215 613 2256 ingenii,
649 2226 713 2247 non
737 2215 859 2248 multae
882 2220 991 2248 tamen
1015 2216 1128 2248 artis.''
1175 2216 1261 2247 Nam
1284 2216 1388 2247 multa
1410 2215 1533 2257 ingenii
1555 2214 1680 2246 lumina
1701 2213 1737 2246 in

113 2277 154 2309 iis
178 2288 268 2316 esse,
293 2278 372 2309 satis
394 2277 587 2319 apparebat:
628 2282 734 2310 totum
757 2289 838 2319 opus
860 2283 970 2311 tamen
986 2303 995 2318 ‚
1018 2278 1177 2320 imprimis
1201 2278 1369 2311 collocatio
1391 2279 1460 2310 sive
1483 2278 1650 2320 dispositio
1672 2289 1737 2310 non

114 2340 272 2373 eiusmodi
309 2345 400 2372 erant
427 2341 461 2372 in
485 2351 579 2382 opere
602 2342 746 2373 nondum
769 2342 912 2382 perfecto
928 2366 935 2380 ‚
961 2352 1043 2383 quae
1068 2341 1231 2374 Ciceronis
1254 2341 1434 2382 praeceptis
1456 2341 1641 2373 satisfacere
1662 2352 1736 2382 pos-

118 2407 204 2436 sent:
230 2407 262 2435 et
284 2403 319 2435 in
341 2403 381 2435 iis
402 2404 582 2445 praeceptis
606 2408 714 2436 tamen
737 2404 945 2436 observandis
968 2415 1040 2436 cum
1065 2405 1204 2436 maxime
1226 2408 1325 2436 artem
1351 2404 1468 2445 posuit.
1507 2403 1731 2445 Wesenbergii

113 2464 304 2498 lectionem:
344 2465 478 2505 „multis
501 2466 681 2498 luminibus
705 2466 850 2508 ingenii,
882 2467 1004 2499 multae
1027 2467 1125 2499 etiam
1149 2468 1248 2499 artis''
1265 2492 1272 2505 ‚
1305 2467 1440 2507 probare
1463 2477 1527 2499 non
1554 2477 1734 2508 possumus

114 2529 166 2560 Ex
191 2529 355 2562 Ciceronis
376 2532 484 2561 mente
506 2529 611 2561 multa
634 2540 685 2561 ars
709 2530 856 2562 Lucretii
879 2530 1077 2562 carminibus
1100 2531 1201 2562 tribui
1224 2541 1288 2562 non
1310 2534 1426 2571 potest.

162 2591 186 2632 ¹)
233 2592 366 2631 Amen,
392 2591 432 2630 I,
460 2593 519 2630 15,
545 2594 595 2623 23.

157 2653 181 2692 2)
229 2654 354 2686 Gellius
372 2679 380 2693 ‚
405 2654 421 2686 Ι
436 2678 443 2693 ,
469 2656 506 2685 21
524 2666 530 2685 :
578 2679 598 2693 ‚,
611 2655 685 2687 Non
708 2655 807 2687 verba
831 2659 939 2688 autem
957 2656 1024 2688 sola
1041 2657 1096 2688 sed
1117 2667 1229 2688 versus
1245 2667 1343 2697 prope
1358 2659 1442 2688 totos
1459 2659 1490 2688 et
1505 2656 1591 2687 locos
1609 2665 1736 2698 quoque

114 2715 259 2748 Lucretii
295 2716 452 2757 plurimos
486 2722 643 2749 sectatum
677 2728 746 2750 esse
775 2718 956 2760 Vergilium
991 2719 1172 2751 videmus.''
1221 2719 1270 2751 Cf.
1307 2718 1439 2751 Munroi
1461 2717 1655 2756 editionem,
1679 2717 1736 2759 qui

115 2779 234 2811 multos
258 2779 351 2812 affert
373 2779 530 2812 eiusmodi
553 2781 639 2813 locos
664 2782 704 2812 ad
728 2781 786 2813 111
801 2807 808 2821 ‚
834 2784 905 2813 451.
954 2783 1120 2823 Imprimis
1144 2786 1252 2815 autem
1277 2783 1490 2815 conserendus
1513 2786 1562 2814 est
1577 2780 1735 2813 Macrobii

115 2842 366 2874 saturnaliorum
399 2843 482 2874 liber
509 2843 557 2875 VI
573 2868 580 2882 ‚
614 2843 670 2875 ubi
694 2844 841 2876 invenies
869 2849 1038 2878 sexcentos
1060 2846 1168 2885 locos,
1193 2850 1229 2878 ut
1253 2845 1299 2877 ita
1321 2845 1444 2884 dicam,
1469 2856 1549 2887 quos
1571 2844 1735 2886 Vergilius

115 2910 245 2937 secutus
282 2909 340 2937 est.
387 2906 573 2938 Ludovicus
606 2907 706 2939 Ianus
740 2911 849 2939 autem
882 2907 917 2939 in
938 2908 1024 2940 notis
1057 2909 1143 2942 locos
1177 2909 1381 2951 Vergilianos
1410 2907 1589 2949 adscripsit.
1635 2908 1734 2940 Hunc

115 2969 237 3000 fontem
262 2969 420 3001 Munrous
442 2980 508 3001 non
531 2975 706 3008 memorat,
731 2970 766 3002 ni
789 2971 893 3004 fallor.
