1894 3235
903 140 980 178 117

137 269 278 324 Zasque
322 271 634 325 putandumst.’⁷
664 273 697 325 ¹).
761 271 865 312 Cum
911 276 1053 312 autem
1084 271 1188 312 h'aec
1230 275 1554 327 pertractasset,
1596 277 1745 328 poetae

136 346 272 387 visum
303 352 393 401 est,
425 362 509 389 non
540 349 639 389 satis
671 349 836 403 copiose
869 349 1124 403 disputatum
1159 363 1247 390 esse
1280 349 1330 389 de
1362 353 1566 390 astrorum
1597 354 1742 403 motu,

136 438 260 478 quam
306 425 356 465 ob
404 440 491 466 rem
537 440 595 466 vs.
629 428 825 466 509-33
873 426 1058 480 addidit,
1107 427 1177 482 qui
1208 426 1314 468 hanc
1347 427 1399 468 ob
1431 441 1599 469 causam
1629 441 1745 468 nexu

135 515 229 541 cum
259 502 606 556 praecedentibus
639 507 794 543 (sarmit.

190 579 241 619 In
287 581 482 621 meteoris
528 581 788 636 expli‹12a11dis
835 581 1056 621 Lucretius
1103 581 1280 622 eandem
1328 580 1502 622 adhibet
1541 581 1748 622 rationem

134 660 258 711 atque
308 656 529 712 Epicurus.
600 658 735 713 Supra
791 658 971 698 vidimus
1025 661 1230 713 „scptu-{ypra
1276 666 1349 707 τῆς
1401 659 1599 709 ἀληθείας
1647 659 1747 701 εἶναι

133 733 207 782 τὰς
253 737 465 783 αἰσθήσεις
507 739 569 777 καὶ
615 737 846 790 προλήψεις
889 739 951 778 καὶ
993 738 1042 777 τά
1085 736 1227 784 πάθη”
1271 736 1340 790 (D.
1373 736 1421 776 L.
1463 736 1518 776 X.
1552 737 1637 790 31).
1697 736 1748 777 In

133 812 329 853 meteoris
370 817 510 853 autem
556 813 659 854 haec
692 814 772 854 tria
803 814 991 854 adhiberi
1022 828 1104 854 non
1136 818 1337 868 possunt,
1384 813 1580 868 quoniam
1624 812 1749 853 nimis

133 903 285 943 magno
332 890 552 931 intervallo
599 891 876 946 impedimur,
919 891 1140 946 quominus
1172 891 1472 946 experimentis
1504 905 1646 932 eorum
1678 905 1749 932 na-

133 971 270 1008 turam
300 982 610 1022 cognoscamus.
662 970 800 1017 Quare
837 969 960 1024 „quid
992 969 1034 1009 in
1066 969 1143 1009 hoc
1175 969 1330 1010 mundo
1363 970 1416 1009 sit
1439 983 1582 1009 eorum
1608 970 1748 1023 (ratio-

133 1059 256 1098 num,
289 1060 394 1101 quae
426 1047 663 1101 propositac
696 1049 808 1100 sunt)
842 1060 996 1101 ponere
1020 1052 1179 1087 certum
1211 1046 1376 1087 difficile
1409 1049 1497 1087 est⁷'
1533 1048 1608 1099 (vs.
1633 1048 1746 1100 526).

132 1122 182 1162 In
240 1127 350 1164 terra
403 1124 541 1164 omnia
581 1139 664 1164 una
705 1129 901 1179 certaque
947 1125 1108 1164 ratione
1155 1124 1357 1178 explicari
1403 1128 1604 1178 possunt,
1647 1127 1746 1179 ὅπερ

133 1203 196 1242 ἐπὶ
242 1205 326 1243 τῶν
367 1203 577 1256 μετεώρων
624 1204 707 1258 οὐχ
753 1202 926 1258 ὑπάρχει
960 1202 1028 1255 (D.
1062 1202 1110 1242 L.
1144 1203 1211 1254 86)
1236 1216 1244 1223 ·
1278 1200 1389 1244 ἀλλά
1421 1201 1548 1242 ταῦτά
1577 1220 1624 1256 γε
1655 1201 1748 1243 πλε-

134 1279 297 1333 οναχὴν
328 1278 409 1333 ’ἔχει
442 1281 503 1320 καὶ
535 1286 607 1327 τῆς
639 1281 838 1333 ’γενέσεως
871 1281 1004 1320 αἰτίαν
1036 1281 1097 1320 καὶ
1130 1286 1201 1327 τῆς
1234 1278 1379 1325 οὐσίας
1410 1284 1499 1328 ταῖς
1532 1279 1748 1325 αἰσθήσεσι

133 1357 360 1410 σύμφωνον
403 1359 665 1410 κατηγορίαν.
728 1356 845 1396 Haec
890 1356 1018 1395 verba
1061 1360 1200 1396 tamen
1232 1369 1315 1395 non
1347 1355 1404 1395 sic
1434 1354 1750 1410 interpretanda

133 1436 256 1486 sunt,
303 1438 516 1488 tamquam
562 1447 711 1474 revera
757 1434 897 1488 plures
944 1446 1088 1473 causas
1134 1431 1318 1473 habeant
1349 1436 1563 1484 meteora,
1611 1431 1670 1472 ita
1699 1435 1746 1471 ut

132 1510 254 1551 modo
296 1511 353 1551 sic
398 1511 519 1551 modo
563 1511 687 1551 aliter
718 1512 847 1564 fiant,
896 1510 968 1550 sed
1014 1510 1132 1550 nobis
1179 1509 1475 1563 indagantibus
1515 1509 1656 1563 plures
1702 1523 1745 1549 se

132 1587 356 1628 ostendunt
411 1602 587 1641 causae,
642 1587 791 1642 quibus
842 1587 914 1627 illa
964 1586 1255 1641 phaenomena
1309 1586 1511 1641 explicari
1558 1585 1744 1640 possint:

132 1664 241 1705 inter
272 1664 346 1705 has
379 1679 523 1705 causas
555 1679 639 1705 una
670 1678 769 1704 vera
801 1678 890 1704 esse
924 1664 1074 1717 debet,
1123 1678 1246 1718 quam
1278 1667 1419 1704 tamen
1449 1663 1633 1704 indicare
1665 1677 1747 1703 non

131 1757 349 1798 possumus
371 1740 413 1796 2).
475 1743 565 1783 Has
612 1757 755 1783 causas
807 1742 1077 1797 „possibiles”
1124 1741 1313 1782 invenire
1356 1754 1574 1795 possumus
1606 1740 1639 1780 si
1671 1754 1747 1794 ea,

131 1834 237 1876 quae
268 1821 311 1861 in
342 1821 456 1861 caelo
495 1821 624 1873 fiunt,
657 1835 751 1861 cum
771 1820 844 1873 iis,
878 1833 983 1875 quae
1006 1819 1049 1859 in
1072 1822 1183 1859 terra
1205 1817 1424 1870 videntur,
1448 1817 1746 1872 componimus.

131 1898 245 1952 Ergo
276 1898 339 1939 fac
371 1912 461 1939 esse
494 1898 811 1954 phaenoineitcn
843 1897 1051 1953 quoddam
1082 1897 1125 1936 in
1157 1896 1295 1948 caelo,
1320 1895 1429 1951 quod
1452 1894 1748 1950 explicandum

131 1976 235 2017 mihi
267 1977 347 2017 sit:
390 1977 433 2016 in
464 1980 575 2017 terra
606 1976 740 2016 simile
773 1976 872 2031 quid
903 1975 993 2016 fieri
1025 1974 1174 2027 video,
1216 1973 1360 2014 licebit
1392 1973 1553 2013 dicere:
1600 1972 1747 2013 eodem

131 2053 253 2094 modo
286 2068 366 2109 quo
398 2053 505 2107 hoc,
540 2053 648 2109 quod
680 2053 722 2093 in
758 2058 866 2093 terra
898 2056 987 2103 est,
1034 2052 1108 2105 fit,
1141 2051 1321 2092 caeleste
1354 2051 1397 2091 id
1427 2050 1747 2106 phaenomenon

129 2131 224 2184 fieri
246 2136 410 2186 potest,
461 2146 542 2172 non
590 2136 753 2172 tamen:
787 2131 862 2184 fit,
895 2145 993 2171 nam
1024 2130 1197 2183 horum,
1245 2143 1350 2184 quae
1397 2129 1440 2168 in
1471 2133 1583 2169 terra
1613 2128 1745 2181 fiunt,

132 2224 298 2251 causam
331 2210 631 2265 experimentis
665 2223 914 2263 cognoscere
947 2223 1142 2263 possum,
1186 2208 1244 2248 ita
1286 2211 1332 2247 ut
1363 2206 1470 2247 hanc
1502 2221 1628 2247 unam
1661 2220 1747 2247 cer-

131 2291 299 2342 tamque
332 2301 421 2328 esse
454 2287 615 2339 dicam,
649 2287 691 2326 in
722 2286 919 2326 meteoris
951 2290 1092 2326 autem
1124 2284 1231 2325 hanc
1263 2283 1558 2325 certitudinem
1581 2283 1746 2338 assequi

131 2378 214 2404 non
245 2379 425 2419 possum.
489 2365 570 2412 Qui
601 2364 751 2404 harum
787 2363 1101 2418 „possibilium⁷⁷
1126 2375 1343 2402 causarum
1366 2361 1587 2401 nonnullas
1604 2361 1746 2414 negle-

134 2445 205 2496 gat
252 2446 293 2482 et
338 2456 464 2483 unam
497 2456 570 2496 pro
604 2442 822 2496 explorata
853 2440 1028 2495 probet,
1082 2454 1178 2480 eum
1218 2438 1403 2493 profecto
1437 2442 1598 2479 constat
1631 2438 1744 2478 omni

133 2524 307 2560 naturae
355 2520 560 2560 excidisse
601 2520 761 2560 ratione
808 2523 933 2573 atque
978 2517 1029 2558 ad
1061 2517 1221 2557 tabulas
1254 2530 1342 2557 esse
1376 2516 1631 2557 devolutum.
1692 2516 1744 2556 D.

133 2597 182 2638 L.
215 2597 269 2637 X.
303 2599 383 2637 87:
430 2597 564 2639 πάντα
603 2601 676 2649 μὲν
719 2596 793 2638 οὗν
836 2595 942 2649 (cod.
976 2595 1093 2635 Leid.
1129 2595 1191 2647 οὐ)
1224 2597 1378 2649 ’γίνεται
1410 2595 1611 2641 ἀσείστως
1644 2594 1742 2635 κατὰ

177 2810 198 2847 ¹)
244 2809 366 2840 Eadem
400 2818 524 2848 semper
553 2807 723 2838 coniunxit
758 2806 931 2847 Epicurus.
977 2807 1018 2837 D.
1056 2807 1092 2837 L.
1119 2807 1158 2836 X.
1184 2808 1234 2835 90.
1288 2805 1382 2844 ἥλιός
1407 2816 1439 2836 τε
1465 2805 1518 2835 καὶ
1542 2804 1668 2842 σελήνη
1692 2804 1747 2835 καὶ

133 2874 174 2904 τὰ
204 2873 305 2904 λοιπὰ
332 2873 441 2911 ἄστρα
471 2894 498 2902 ..
519 2896 523 2901 .
551 2872 610 2900 91:
644 2872 702 2901 τοῦ
745 2870 837 2901 νἰλίυυ
875 2882 909 2901 τε
933 2871 987 2901 καὶ
1012 2873 1077 2900 τῶν
1103 2873 1233 2900 λοιπῶν
1257 2869 1392 2908 ἄστρων
1410 2891 1416 2898 .
1437 2890 1443 2897 .
1470 2868 1530 2897 92:
1569 2867 1662 2905 ἡλίου
1687 2866 1741 2898 καὶ

133 2935 278 2973 σελήνης
302 2936 357 2966 καὶ
381 2937 449 2965 τῶν
474 2936 602 2965 λοιπῶν
625 2933 769 2973 ἄστρων.

175 2997 200 3039 ²)
247 2997 302 3028 Vs.
327 2999 385 3028 531
412 3007 499 3037 seqq.
