1894 3235
852 141 933 181 135

83 277 219 314 terrae
268 273 451 326 incidat,
507 286 615 328 quae
671 273 780 314 inter
835 278 1074 329 utrumque·
1111 273 1224 314 sidus
1265 272 1413 326 (solem
1454 276 1496 312 et
1540 271 1700 324 lunam)

84 363 127 390 se
173 350 439 391 collocaverit
482 350 550 391 vel
589 351 728 404 potius
772 351 896 392 lunae
929 352 1067 392 obstet
1100 353 1332 406 (tamquam
1362 349 1700 403 integumentum

85 432 127 468 et
176 427 436 468 obstaculum
486 432 549 468 est
591 432 701 469 terra
750 428 898 481 lunae,
947 443 1052 483 quae
1106 429 1243 469 lucem
1280 442 1304 468 a
1336 427 1422 467 sole
1453 425 1699 480 intercipit).

85 504 238 545 Procul
298 504 422 545 dubio
479 504 529 545 de
589 505 687 545 solis
745 505 911 546 defectu
963 506 1141 546 similem
1193 504 1398 545 docebant
1455 503 1697 544 doctrinam.

85 582 305 623 Lucretius
351 586 492 623 autem
537 587 681 637 putat,
729 588 1008 637 congruenter
1053 597 1147 624 cum
1191 581 1373 622 secunda
1410 581 1535 621 lunae
1566 584 1701 620 muta·
1741 575 1743 577 ¹

84 659 245 699 tionum
275 659 583 714 explicatione,
626 659 731 699 nihil
762 660 978 715 impedire,
1011 660 1234 715 quominus
1264 673 1338 714 pro
1371 663 1483 699 terra
1513 662 1586 699 aut
1603 657 1703 698 luna

84 736 198 777 aliud
228 751 377 791 corpus
408 737 627 778 obscurum
659 738 769 778 inter
799 738 942 778 lunam
978 742 1019 778 et
1052 737 1181 777 solem
1213 746 1285 777 aut
1319 740 1475 777 terram
1507 739 1548 776 et
1570 735 1702 775 solem

85 827 128 854 se
177 814 321 854 sistere
371 815 551 870 solisque
602 815 743 855 lumen
793 815 1045 869 intercipere
1098 818 1345 854 statuamus.
1408 813 1477 853 Ex
1527 812 1702 867 Epicuri

84 895 226 932 mente
272 905 368 932 eum
407 892 645 932 ratiocinari
693 892 834 933 videre
865 893 962 932 licet
995 906 1049 932 ex
1079 891 1205 932 huius
1237 890 1414 946 epistola
1460 889 1512 930 ad
1543 889 1702 945 Pytho-

86 969 219 1009 clem:
273 969 450 1023 ἔκλειψις
505 971 626 1019 ἡλίου
673 974 735 1012 καὶ
797 971 976 1018 σελήνης
1036 968 1202 1011 δύναται
1266 972 1338 1020 μὲν
1393 970 1583 1023 ’γίνεσθαι
1639 970 1702 1008 καὶ

87 1048 184 1088 κατὰ
231 1045 401 1102 σβέσιν,
451 1049 633 1102 καθάπερ
681 1051 742 1089 καὶ
784 1048 878 1102 παρ’
911 1049 1007 1097 ἡμῖν
1038 1052 1161 1088 τοῦτο
1193 1049 1403 1100 θεωρεῖται
1446 1046 1668 1100 γινόμενον
1692 1058 1701 1067 ·

87 1129 148 1166 καὶ
198 1123 246 1174 δὴ
291 1129 352 1167 καὶ
401 1126 483 1167 κατ’
521 1127 822 1179 ἐπιπρόσ-Ξησιν
868 1125 1014 1166 ἄλλων
1061 1128 1208 1174 τινῶν,
1265 1123 1288 1172 ἢ
1329 1130 1408 1179 γῆς
1455 1123 1478 1171 ἢ
1521 1123 1702 1177 οὐρανοῦ

87 1202 110 1250 ἤ
152 1221 266 1250 τινος
309 1205 444 1257 ἑτέρου
475 1206 664 1244 τοιούτου
688 1233 696 1242 .
741 1206 801 1244 καὶ
837 1201 911 1244 ὦδε
942 1205 1040 1252 τοὺς
1072 1204 1247 1250 οἰκείους
1281 1201 1491 1249 ἀλλήλοις
1521 1202 1704 1255 τρόπους

89 1283 395 1335 συνθεωρητέον
437 1284 498 1322 καὶ
545 1282 620 1328 τὰς
666 1280 745 1331 ἅμα
793 1282 1065 1335 συγκυρήσεις
1111 1283 1236 1320 τινῶν
1280 1281 1341 1320 ὅτι
1392 1279 1467 1320 οὐκ
1499 1277 1705 1320 ἀδύνατον

87 1359 291 1411 γίνεσθαι.
352 1357 439 1410 (Ἐν
488 1355 526 1398 δὲ
577 1361 625 1413 τῇ
677 1355 906 1412 δυωδεκάτῃ
957 1360 1045 1410 περὶ
1095 1358 1258 1410 φύσεως
1306 1359 1432 1396 ταῦτα
1473 1354 1601 1409 λέγει,
1642 1357 1705 1395 καὶ

87 1435 161 1476 τὸν
212 1435 333 1483 ἥλιον
378 1434 573 1476 ἐκλείπειν
623 1434 801 1483 σελήνης
854 1436 1181 1483 ἐπισκοτούσης,
1229 1432 1411 1482 σελήνην
1460 1431 1499 1473 δὲ
1532 1436 1604 1473 τοῦ
1632 1438 1704 1480 τῆς

88 1518 167 1566 ’γῆς
199 1513 450 1564 σκιάσματος
474 1525 481 1533 ·
523 1510 635 1552 ἀλλὰ
684 1514 744 1552 καὶ
790 1511 873 1551 κατ’
915 1511 1183 1565 ἀναχώρησιν
1209 1514 1248 1559 ¹).
1315 1509 1433 1556 Quae
1467 1508 1597 1548 verba
1628 1507 1706 1548 etsi

89 1602 238 1643 parum
280 1593 375 1629 sunt
405 1588 653 1642 perspicua,
694 1587 771 1627 hoe
804 1593 943 1628 tamen
976 1587 1096 1627 nobis
1127 1586 1376 1635 ostendunt,
1424 1585 1611 1626 Lucretii
1643 1599 1704 1625 se-

91 1666 269 1706 cundam
311 1666 662 1721 explicationem,
705 1679 811 1720 quae
856 1665 970 1705 hisce
1002 1665 1192 1705 versibus
1223 1664 1433 1705 Heracliti
1465 1664 1706 1718 opinionem

89 1744 316 1799 exprimit:
367 1744 535 1798 „solque
582 1758 677 1783 suos
719 1744 845 1784 etiam
877 1743 1088 1783 dimittere
1120 1742 1344 1796 languidus
1374 1742 1485 1796 ignis
1517 1745 1706 1796 tempore

89 1835 162 1862 cur
192 1825 304 1862 certo
334 1825 544 1876 nequeat,
581 1834 855 1876 recreareque
887 1821 1058 1873 lumen,
1092 1834 1187 1860 cum
1217 1820 1308 1860 loca
1340 1819 1560 1874 praeteriit
1592 1819 1706 1859 flam-

88 1899 167 1939 mis
208 1898 360 1939 infesta
399 1913 474 1954 per
510 1913 659 1951 auras,
708 1912 813 1953 quae
845 1898 1004 1939 faciunt
1035 1898 1145 1952 ignis
1176 1897 1446 1951 interstingui
1478 1901 1602 1952 atque
1634 1910 1705 1951 pe-

89 1977 234 2018 rire⁷'?
281 2002 333 2006 —
381 1977 605 2018 convenire
637 1991 732 2017 cum
764 1976 937 2031 Epicuri
969 1976 1103 2031 prima
1133 1975 1308 2016 ratione.
1344 2000 1395 2003 —
1429 1973 1704 2029 Philosophi,

89 2069 192 2110 quos
220 2069 345 2110 supra
364 2054 700 2105 nominavimus,
735 2055 882 2107 Plato,
915 2053 1190 2106 Aristoteles,
1225 2053 1381 2105 Stoici,
1412 2051 1704 2093 Mathematici

89 2134 322 2187 συμφώνως
352 2132 558 2188 putabant
587 2133 758 2184 lunam,
792 2132 915 2172 simul
947 2145 1041 2171 cum
1072 2131 1158 2171 sole
1180 2134 1445 2183 currentem,
1477 2144 1525 2171 ac
1547 2129 1704 2170 circum

89 2209 361 2259 illustratam,
391 2214 627 2250 menstruas
658 2210 957 2250 ocsultationes
978 2208 1141 2249 efficere
1155 2206 1184 2257 ²)
1204 2241 1213 2260 ,
1246 2208 1402 2263 quippe
1424 2221 1518 2248 cum
1540 2220 1704 2262 quoque

89 2300 232 2328 mense
264 2292 375 2328 terra
405 2288 514 2328 inter
546 2288 675 2328 solem
697 2300 738 2328 et
762 2288 904 2328 lunam
927 2301 969 2327 se
992 2287 1190 2339 collocet,
1224 2299 1360 2341 neque
1383 2290 1526 2326 tamen
1546 2286 1627 2337 ita,
1658 2289 1705 2325 ut

89 2365 134 2405 in
179 2379 263 2406 una
305 2370 421 2406 recta
460 2366 571 2406 linea
615 2365 718 2406 haee
759 2366 839 2406 tria
877 2365 972 2405 sint.
1033 2365 1144 2405 Nam
1174 2378 1258 2404 non
1290 2377 1454 2418 quoque
1486 2376 1629 2403 mense
1659 2362 1705 2403 fit

89 2442 186 2483 solis
217 2443 424 2498 lunaeque
457 2443 664 2496 defectus,
713 2457 807 2483 cum
841 2443 934 2495 via,
982 2456 1106 2497 quam
1137 2442 1238 2482 luna
1268 2441 1504 2496 percurrit,
1537 2440 1704 2496 oblique

136 2629 159 2668 ¹)
220 2628 260 2659 D.
300 2628 335 2659 L.
374 2628 416 2659 X.
455 2630 516 2666 96,
556 2629 606 2660 97.
669 2629 787 2659 Fateor
820 2638 870 2659 me
892 2638 957 2658 non
980 2627 1169 2667 intellegere
1203 2626 1283 2667 quid
1317 2625 1480 2666 significet
1513 2625 1597 2656 illud
1633 2625 1705 2657 κατ’

91 2693 338 2731 ἔπιπρόσθησιν
370 2691 473 2731 (codd.
505 2690 588 2731 plur.
623 2691 918 2732 ἐπιπροσθέτησιν)
959 2693 1016 2722 τοῦ
1055 2691 1210 2730 οὐρανοῦ.
1263 2687 1446 2729 Ἐκλείψεις
1478 2687 1598 2727 ἡλίου
1636 2689 1705 2719 καὶ

92 2753 275 2791 σελήνης
306 2752 424 2783 debent
459 2752 635 2792 explicari:
668 2763 726 2792 pro
753 2754 900 2792 ούρανοῦ
925 2756 1091 2792 exspectes
1116 2753 1280 2791 σελήνης,
1320 2755 1406 2782 terra
1439 2751 1553 2790 (terrae
1578 2749 1703 2788 umbra)

92 2819 150 2848 aut
178 2816 257 2847 luna
287 2814 427 2847 obicitur
461 2815 531 2846 soli.

133 2879 161 2921 2)
208 2879 296 2910 Plut.
319 2877 401 2918 plac.
426 2877 483 2916 II,
508 2879 568 2908 29:
598 2879 763 2915 Πλάτων,
795 2878 1049 2919 Ἀριστοτέλης,
1074 2879 1103 2909 οὶ
1128 2878 1287 2915 Στωϊκοὶ,
1312 2877 1342 2908 οἱ
1364 2877 1602 2917 Μαθηματικοὶ
1625 2887 1704 2916 συμ-

91 2943 208 2984 φώνως
239 2943 298 2978 τὰς
329 2943 386 2981 μὲν
421 2938 596 2981 μηνιαίους
625 2940 852 2981 ἀποκρύψεις,
888 2940 1134 2973 συνοδεύουσαν
1157 2941 1266 2978 αὐτὴν
1289 2939 1392 2981 ἡλίῳ,
1416 2941 1471 2972 καὶ
1495 2940 1703 2981 περιλαμπο·

93 3004 196 3045 μένην
219 3005 409 3043 ποιεῖσθαι,
434 3006 492 3040 τὰς
517 3003 548 3034 δὲ
571 3003 750 3043 ἐκλείψεις,
775 3016 802 3034 ς.
829 3016 848 3034 τ
883 3003 906 3034 ὲ.
