1894 3235
894 143 946 182 69

117 273 324 314 videntur.
386 274 491 316 Cum
536 274 873 316 mechanicorum
919 290 1033 316 more
1065 276 1193 317 animi
1223 278 1415 316 naturam
1447 275 1731 317 describentes

118 354 259 392 tamen
289 366 431 392 omnes
463 352 728 394 difficultates
759 367 894 408 neque
927 353 1058 394 vitare
1090 367 1225 408 neque
1258 353 1419 393 solvere
1451 357 1646 408 possent,
1679 353 1731 394 ad

120 429 206 469 vim
252 429 459 484 quandam
501 430 680 470 nominis
723 434 944 485 expertem
975 430 1277 485 confugerunt,
1325 444 1431 485 quae
1462 433 1509 470 ut
1541 429 1646 470 deus
1678 443 1732 470 ex

116 505 309 547 machina
349 507 506 547 auxilio
538 507 693 548 veniat,
764 508 883 549 Haec
914 512 1060 563 quarta
1091 508 1218 548 animi
1250 521 1346 562 pars
1377 507 1612 548 necessaria
1643 511 1728 559 est,

117 583 214 638 quia
258 584 380 624 aliter
426 585 627 639 explicari
672 600 754 625 non
799 591 971 640 possunt
1007 585 1219 637 „sensiferi
1251 586 1416 625 motus⁷’
1458 585 1596 638 (240);
1645 598 1726 640 quo

116 661 237 701 modo
283 665 423 702 autem
463 661 541 702 hac
573 662 613 702 vi
645 662 834 703 adhibita
875 663 1078 717 explicari
1109 663 1292 717 possint,
1325 676 1408 702 non
1439 661 1726 717 perspicimus.

115 738 280 779 Dicitur
326 739 413 779 sola
458 739 751 780 sensifer-orum
797 744 986 781 motuum
1032 754 1156 780 causa
1202 753 1291 780 esse
1335 743 1376 780 et
1422 739 1533 779 idem
1571 738 1727 780 habere

117 830 211 856 cum
256 816 392 857 animo
438 817 671 870 Vinculum,
719 818 828 873 quod
873 818 1036 858 animus
1067 832 1160 858 cum
1193 831 1364 872 corpore
1396 817 1551 870 habet,
1601 830 1729 872 quare

117 894 243 934 totius
283 894 446 935 animae
492 895 631 936 anima
672 896 922 949 appellatur.
984 895 1177 935 Fortasse
1210 899 1334 949 poeta
1365 895 1403 935 ei
1435 898 1598 949 partem
1629 894 1729 935 acti-

116 985 211 1011 vam
250 972 550 1026 perceptionis,
583 976 629 1012 ut
660 972 719 1013 ita
751 972 907 1025 dicam,
940 972 1112 1024 tribuit,
1144 972 1203 1012 ita
1234 975 1280 1012 ut
1312 985 1361 1012 ea
1391 972 1555 1012 animus
1589 971 1726 1012 inten-

117 1047 238 1088 datur
277 1049 320 1089 in
361 1063 432 1102 ea,
464 1049 613 1104 quibus
645 1064 793 1104 corpus
824 1048 1002 1090 afficitur
1032 1063 1106 1103 per
1138 1063 1296 1089 sensus.
1358 1049 1457 1090 Sine
1489 1049 1561 1089 illa
1591 1052 1727 1090 atten-

115 1125 228 1166 tione
276 1126 387 1166 enim
432 1127 722 1182 perceptiones
768 1127 819 1168 ad
865 1126 1161 1167 conscientiam
1207 1140 1289 1167 non
1335 1126 1601 1181 perveniunt.
1663 1126 1729 1166 Ita

116 1203 380 1245 difficultates
410 1204 463 1245 ad
493 1205 606 1245 aliud
637 1205 943 1245 transferuntur
973 1218 1109 1260 neque
1141 1204 1245 1244 solvi
1277 1208 1463 1259 possunt.
1526 1204 1657 1244 Porro
1697 1203 1731 1243 si

119 1282 211 1337 quis
243 1282 425 1337 quaerit,
457 1283 590 1322 utrius
621 1282 700 1323 hae
733 1286 928 1338 quattuor
958 1282 1040 1322 sint
1072 1285 1211 1336 partes
1242 1281 1369 1322 animi
1392 1295 1444 1321 an
1467 1280 1631 1321 animae
1650 1295 1731 1333 ,an

117 1359 357 1415 utriusque,
396 1359 561 1400 difficile
595 1360 673 1400 erit
705 1360 921 1415 quaerenti
952 1373 1148 1414 responso
1181 1359 1279 1400 satis
1310 1359 1460 1399 facere.
1523 1358 1629 1399 Sunt
1661 1358 1732 1413 qui

116 1441 266 1492 putent
294 1437 319 1491 ¹)
368 1438 547 1478 calorem
588 1441 630 1478 et
675 1452 819 1478 auram
861 1442 902 1477 et
947 1451 1087 1477 aerem
1119 1437 1282 1477 animae
1313 1440 1453 1491 partes
1491 1449 1603 1488 esse,
1637 1449 1731 1476 cum

116 1515 279 1555 animus
310 1515 397 1556 sive
428 1529 545 1556 mens
578 1529 599 1556 e
631 1519 779 1570 quarta
809 1515 882 1555 illa
911 1518 1029 1569 parte
1062 1514 1114 1554 sit
1144 1514 1291 1554 factus,
1332 1513 1451 1554 Haec
1475 1513 1614 1568 opinio
1637 1527 1731 1554 con-

116 1593 254 1633 cinere
302 1593 469 1633 videtur
501 1607 594 1634 cum
626 1593 843 1634 Plutarchi
874 1593 1013 1633 verbis
1030 1591 1090 1646 2);
1123 1594 1169 1634 τὸ
1202 1594 1283 1648 γὰρ
1317 1590 1347 1648 ᾧ
1380 1595 1504 1647 κρίνει
1536 1595 1598 1634 καὶ
1630 1611 1732 1644 μυη-

114 1672 272 1722 μουεῦει
318 1674 378 1712 καὶ
428 1671 538 1726 φιλεῖ
582 1675 644 1713 καὶ
690 1677 796 1724 μισεῖ
837 1674 899 1713 καὶ
934 1671 1046 1719 ὅλως
1077 1671 1124 1712 τὸ
1157 1671 1362 1725 φρόνιμον
1395 1672 1457 1710 καὶ
1489 1669 1732 1723 λογιστικὸν

117 1747 157 1789 ἕκ
212 1767 326 1799 τινος
384 1752 509 1804 φησὶν
556 1748 894 1801 ἀκατονομάστου
945 1750 1167 1797 ποιότητος
1216 1746 1496 1803 ἒπιγῖνεσθαι”
1549 1750 1591 1786 et
1638 1760 1733 1786 cum

116 1823 247 1879 ipsius
278 1826 466 1866 Lucretii
497 1825 648 1879 verbis,
681 1840 775 1867 cum
806 1825 893 1866 fere
925 1825 1076 1878 omnia,
1109 1838 1215 1880 quae
1249 1824 1299 1865 de
1332 1828 1480 1879 quarta
1509 1823 1582 1864 illa
1612 1827 1732 1878 parte

117 1902 320 1957 dicantur,
354 1903 480 1944 etiam
511 1903 649 1944 animo
681 1903 964 1944 attribuantur
983 1901 1026 1953 8).
1089 1902 1171 1943 Sed
1211 1906 1350 1943 tamen
1382 1904 1557 1956 apparet
1590 1900 1731 1941 discri-

115 1994 213 2021 men
258 1994 348 2021 esse
394 1981 504 2021 inter
546 1985 792 2036 utrumque,
850 1995 945 2021 cum
991 1980 1154 2021 animus
1191 1979 1353 2020 dicatur
1388 1978 1527 2019 media
1557 1978 1729 2032 regione

115 2059 158 2098 in
197 2059 377 2114 pectoris
421 2058 594 2099 haerere
611 2060 667 2112 4),
709 2059 781 2099 illa
826 2073 920 2113 pars
966 2058 1135 2113 penitus
1175 2071 1365 2112 prorsum
1408 2057 1538 2097 latere
1571 2060 1613 2096 et
1635 2056 1729 2096 sub-

117 2149 219 2188 esse,
241 2150 318 2176 nec
340 2136 474 2190 magis
495 2135 572 2176 hac
594 2136 705 2176 intra
726 2136 858 2186 (codd.
874 2136 1007 2189 infra)
1031 2136 1251 2191 quicquam
1275 2148 1364 2176 esse
1384 2135 1427 2174 in
1445 2148 1615 2189 corpore
1637 2148 1729 2174 nos-

116 2217 179 2253 tro
201 2213 256 2267 ⁵);
296 2228 388 2254 cum
433 2214 618 2254 animum
660 2213 768 2254 dicat
800 2218 924 2268 poeta
955 2227 1267 2268 nonnumquam
1300 2212 1431 2264 laedi,
1472 2211 1569 2252 dum
1591 2225 1728 2267 neque

115 2291 254 2331 anima
302 2305 438 2346 neque
485 2305 632 2346 corpus
678 2295 1019 2331 commoveantur
1038 2293 1092 2344 ὓ),
1148 2291 1200 2331 ad
1240 2291 1354 2331 illam
1399 2289 1559 2330 dolores
1592 2302 1728 2344 neque

115 2381 209 2408 acre
249 2369 407 2409 malum
452 2372 609 2409 temere
651 2373 871 2424 penetrare
916 2372 1115 2423 possunt,
1176 2367 1276 2422 quin
1320 2381 1431 2407 mors
1477 2370 1674 2422 sequatur
1690 2368 1728 2420 T).

115 2445 246 2487 Porro
297 2446 500 2498 „nominis
544 2446 648 2488 haec
695 2460 847 2502 expers
891 2446 979 2487 vis”
1028 2449 1292 2500 comparatur
1331 2458 1426 2485 cum
1476 2444 1628 2497 „animi
1658 2443 1727 2484 vi”

160 2629 186 2667 ¹)
235 2628 449 2660 Reisackerus
472 2628 507 2659 in
530 2628 611 2660 libro
634 2628 765 2660 laudato
787 2640 818 2670 p.
844 2631 895 2660 20.

160 2692 187 2732 ²)
234 2692 317 2723 Adv.
344 2691 411 2723 Col.
437 2693 486 2722 20.

158 2757 183 2796 ³)
233 2754 276 2787 Of
309 2756 499 2794 139—160‚
522 2755 701 2788 241—257.

158 2818 184 2858 4)
235 2820 302 2850 140.

158 2882 183 2918 5)
230 2882 301 2914 273.

159 2943 185 2986 ⁶)
235 2945 304 2974 149.

158 3006 186 3049 7)
233 3008 304 3038 252.
