1894 3235
883 117 962 156 118

116 249 308 300 πάντων,
350 249 450 291 κατὰ
489 249 734 306 πλεοναχὸν
775 251 935 304 τρόπον
980 252 1330 305 ἐκκαθαιρομένων
1372 251 1605 306 συμφώνως
1641 256 1730 298 τοῖς

118 328 408 380 φαινομένοις,
447 328 548 368 ὅταν
594 345 656 374 τις
701 328 748 367 τὸ
795 327 1218 382 πιὲανολογοΰμενον
1249 328 1349 382 ὑπὲρ
1383 328 1519 368 αὐτῶν
1552 325 1730 375 δεόντως

117 402 341 460 καταλίπῃ·
379 404 544 456 „omnia
574 403 702 457 igitur
734 403 776 443 in
809 403 1002 444 omnibus
1033 404 1138 444 fiunt
1170 404 1402 445 secundum
1424 404 1729 445 immutabilem

116 479 322 520 rationem
355 480 413 531 (id
445 484 534 520 est:
567 479 610 520 in
642 479 834 520 omnibus
865 479 1166 535 Phaenomenis
1199 481 1371 521 eaedem
1403 486 1579 521 naturae
1616 480 1731 534 leges

117 556 328 598 observari
374 558 588 612 possunt),
631 557 665 597 si
696 557 917 612 multiplici
949 557 1111 599 ratione
1153 558 1209 610 (id
1241 563 1323 599 est:
1374 558 1433 599 ita
1479 562 1525 598 ut
1567 558 1733 612 singula

115 633 408 689 phaenomena
452 634 604 674 iterata
649 638 813 674 tantum
859 633 1048 674 adhibita
1088 634 1412 689 investigatione
1447 634 1730 689 explicentur)

117 717 408 767 expurgantur
454 711 755 752 convenienter
785 711 863 765 iis,
911 725 1017 767 quae
1064 712 1282 765 videntur,
1330 727 1458 768 quum
1499 712 1592 768 quis
1623 711 1732 768 quod

116 788 390 844 probabiliter
436 787 486 829 de
532 788 583 828 iis
633 787 962 843 (phaenomenis)
1005 788 1170 841 dicitur,
1218 795 1263 829 ut
1295 794 1488 844 oportet,
1534 788 1733 844 relinquit

117 866 225 921 (fieri
266 880 387 922 posse
433 866 655 920 coneedit).
695 869 795 908 ὅταν
837 865 879 909 δέ
918 887 978 916 τις
1011 869 1058 908 τὺ
1091 871 1164 916 μὲν
1197 867 1386 923 ἀπολίπῃ
1417 871 1520 915 <uon
1552 867 1734 908 omiserit

116 945 189 986 sed
219 945 477 1000 reliquerit),
509 947 555 987 τὸ
589 944 628 987 δὲ
660 944 820 1002 ἐκβάλῃ
853 948 1008 998 ὁμοίως
1042 947 1270 1000 σύμφωνον
1303 946 1352 987 ὂν
1383 950 1440 1002 τῷ
1471 948 1735 1001 φαινομένῳ,

115 1021 246 1071 δῆλον
293 1025 355 1065 ὅτι
400 1026 463 1064 καὶ
510 1025 551 1065 ἐκ
590 1024 749 1071 παντὸς
791 1025 968 1064 ἐκ-πίπτει
1015 1022 1411 1078 φυσιολογήματος,
1459 1025 1521 1064 ἐπὶ
1570 1021 1609 1065 δὲ
1659 1024 1733 1064 τὸν

114 1103 251 1153 μῦθον
283 1107 496 1156 καταρρεῖ.
530 1107 672 1153 σημεῖα
713 1098 754 1142 δέ
784 1119 872 1141 τινα
905 1103 988 1141 τῶν
1021 1101 1062 1141 ἐν
1094 1106 1184 1148 τοῖς
1213 1101 1430 1155 μετεώροις
1463 1100 1734 1153 συντελουμέ·

116 1197 202 1220 νων
234 1180 341 1234 φέρει
374 1177 480 1232 (cod.
515 1181 666 1234 φέρειν)
699 1181 782 1219 τῶν
815 1178 909 1232 παρ’
942 1179 1038 1230 ἡμῖν
1071 1197 1159 1219 τινα
1193 1179 1452 1233 φαινομένων
1482 1176 1505 1219 ἃ
1526 1180 1735 1232 θεωρεῖται

115 1254 139 1311 ᾗ
171 1255 278 1309 (eod.
311 1256 353 1309 ἢ)
402 1255 595 1312 ὑπάρχει,
642 1258 703 1297 καὶ
752 1255 827 1297 οὐκ
869 1255 971 1297 ‹u'ra-tzx
1013 1254 1061 1296 *cci
1093 1254 1202 1308 (eod.
1236 1255 1284 1296 οὐ
1316 1254 1364 1296 τά
1395 1255 1554 1295 mutavi
1587 1255 1629 1295 in
1661 1256 1736 1297 οὐκ

115 1333 218 1375 αὐτά
248 1332 324 1387 τά,
371 1333 567 1389 quoniam
599 1333 702 1373 mihi
737 1333 875 1374 dicere
907 1333 1072 1374 videtur
1104 1333 1336 1388 EpicuruS,
1380 1347 1486 1388 quae
1518 1333 1630 1388 apud
1661 1347 1736 1374 nos

114 1411 313 1452 videntur
343 1426 426 1453 non
458 1411 605 1452 eadem
638 1425 727 1452 esse
759 1415 885 1466 atque
918 1425 988 1463 ea,
1022 1425 1128 1467 quac
1161 1411 1203 1451 in
1237 1411 1352 1452 caelo
1384 1411 1630 1464 videantur,
1663 1411 1736 1452 sed

115 1490 268 1531 similia
308 1494 500 1544 tantum,
543 1490 698 1531 indicia
742 1490 943 1531 nonnulla
989 1504 1011 1531 e
1044 1490 1193 1545 quibus
1242 1490 1433 1531 concludi
1476 1490 1606 1545 possit
1636 1489 1735 1545 quid

106 1567 304 1622 possibile
350 1567 418 1617 Sit)
462 1570 504 1610 ἐν
541 1574 630 1616 τοῖς
675 1568 891 1622 μετεώροις
925 1569 1149 1622 φαινόμενα
1200 1567 1261 1620 (Tri
1296 1569 1519 1622 φαινόμενα
1552 1566 1735 1622 Epicuro

114 1659 198 1686 non
229 1648 326 1686 sunt
356 1658 497 1685 rerum
529 1644 800 1700 apparentiae
833 1645 949 1700 (quas
982 1643 1172 1700 φάσματα
1206 1646 1359 1697 vocat),
1387 1643 1458 1684 sed
1490 1657 1557 1684 res
1589 1643 1733 1699 ipsae,

115 1737 222 1779 quae
262 1723 512 1778 apparent).
558 1728 682 1764 ταῦτα
730 1723 812 1778 γὰρ
857 1721 1058 1778 ἐνδέχεται
1092 1722 1167 1776 (sie
1200 1722 1289 1763 cod.
1322 1722 1468 1775 Leid.,
1513 1722 1612 1762 alii:
1661 1722 1736 1763 οὐκ

115 1799 332 1857 ἐνδέχεται)
363 1800 617 1857 πλεοναχῶς
646 1803 839 1856 γενέσθαι
863 1832 871 1840 .
904 1801 951 1842 τὸ
981 1802 1119 1853 μέντοι
1151 1799 1368 1856 φάντασμα
1401 1799 1582 1842 ἑκάστων
1613 1818 1735 1855 τηρη-

115 1881 209 1922 τέον
256 1882 318 1922 καὶ
351 1881 413 1921 ἐπὶ
460 1879 509 1922 ra*
552 1880 840 1932 συναπτόμενα
878 1881 1009 1934 τούτῳ
1042 1877 1282 1934 διαιρετέον,
1331 1877 1354 1920 ἃ
1388 1879 1462 1920 οὐκ
1493 1879 1734 1933 ἀντιμαρτυ-

115 1964 241 2013 ρεῖται
279 1964 370 2006 τοῖς
401 1958 496 2013 παρ’
528 1959 626 2011 ἡμῖν
656 1959 893 2013 γινομένοις
923 1956 1176 2013 πλεοναχῶς
1208 1956 1536 1999 συντελεῖσθαιΓ
1579 1956 1734 1997 Lucre-

116 2035 199 2076 tius
229 2035 273 2076 in
303 2049 348 2076 re
380 2039 466 2076 tam
497 2035 615 2089 gravi
647 2049 671 2075 a
701 2035 902 2089 magistro
934 2049 1017 2075 non
1049 2034 1244 2076 aberrat:
1284 2034 1409 2089 „quid
1423 2034 1559 2088 possit
1579 2033 1736 2088 fiatque

116 2126 192 2167 per
237 2126 358 2153 omne
404 2113 448 2153 in
490 2112 615 2153 variis
661 2111 828 2152 mundis
876 2111 990 2152 varia
1035 2111 1198 2152 ratione
1247 2112 1427 2164 creatis,
1489 2111 1532 2151 id
1579 2111 1734 2164 doceo,

116 2191 332 2244 plurisque
373 2204 523 2246 sequor
555 2190 775 2245 disponere
807 2204 956 2230 causas
988 2189 1170 2230 motibus
1204 2194 1411 2230 astrorum
1442 2202 1549 2244 quae
1577 2189 1737 2244 possint

118 2280 207 2308 esse
238 2280 314 2322 per
345 2280 486 2320 omne,
533 2280 556 2308 e
588 2267 738 2322 quibus
783 2281 864 2307 mea
898 2271 1039 2307 tamen
1071 2267 1150 2307 siet
1181 2266 1279 2307 haec
1310 2280 1474 2322 quoque
1507 2280 1632 2307 causa
1665 2279 1737 2307 ne-

118 2348 300 2397 cessest,
333 2358 439 2400 quae
471 2348 624 2399 vegeat
653 2350 813 2385 motum
845 2344 998 2399 signis,
1032 2343 1104 2384 sed
1125 2357 1230 2398 qnae
1252 2343 1305 2384 sit
1328 2357 1472 2384 earum
1495 2344 1736 2399 praecipere

117 2421 221 2463 haut
252 2426 501 2478 quaquamst
533 2422 808 2478 pedetemtim
839 2421 1174 2477 progredientis''
1202 2423 1238 2474 ¹).

175 2499 397 2541 Lucretius
428 2501 573 2555 procul
604 2501 729 2541 dubio
762 2500 812 2541 de
844 2505 985 2541 nostro
1016 2499 1171 2540 mundo
1204 2500 1290 2540 solo
1325 2499 1459 2540 dixit:
1492 2499 1565 2540 sed
1596 2504 1737 2540 tamen

117 2577 373 2618 monendum
405 2582 496 2631 est,
530 2578 759 2633 Epicurum
790 2578 984 2618 statuisse
1017 2578 1228 2618 infinitum
1260 2591 1350 2618 esse
1382 2577 1631 2618 mundorum
1663 2592 1737 2618 nu-

118 2669 293 2695 merum.
355 2655 539 2696 Mundus
585 2662 727 2697 autem
774 2663 836 2697 est
876 2659 1053 2712 περιοχή
1095 2675 1155 2707 τις
1197 2657 1380 2710 οὐρανοῦ
1422 2656 1552 2710 ἄστρα
1593 2673 1633 2697 τε
1674 2659 1737 2697 καὶ

118 2740 199 2787 ’γῆν
231 2736 293 2774 καὶ
326 2732 457 2775 πάντα
488 2733 537 2775 τά
569 2735 792 2789 φαινόμενα
824 2736 1099 2789 περιέχουσα,
1131 2735 1347 2786 ἀποτομὴν
1381 2733 1536 2789 ἔχουσα
1559 2734 1643 2775 ἀπό
1662 2737 1736 2775 τοῦ

119 2809 290 2866 ἀπείρου
322 2815 389 2853 καὶ
422 2812 716 2868 καταλήγουσα
749 2813 791 2854 ἐν
822 2814 994 2866 πέρασιν
1026 2811 1049 2860 ἢ
1083 2813 1214 2868 ἀραιῷ
1244 2812 1268 2860 ἢ
1310 2811 1496 2868 πυκνιᾷἢ
1527 2813 1569 2853 ἐν
1600 2829 1738 2867 περια-

163 2962 189 3005 1)
235 2963 274 2994 V.
300 2965 361 2996 527
389 2974 477 3005 seqq.
