1894 3235
843 149 918 190 121

77 298 243 339 serpere
294 298 398 339 „quo
431 283 630 338 cuiusque
663 283 779 324 cibus
810 287 931 323 vocat
964 286 1089 337 atque
1120 281 1270 322 invitat
1303 278 1466 320 aventis
1499 278 1692 317 flammea

76 375 151 417 per
196 361 357 402 caelum
389 361 596 415 pascentis
629 374 801 415 corpora
831 359 1012 415 passin1”
1047 360 1145 412 (523
1179 357 1306 413 seqq.)
1369 355 1437 396 Ab
1471 353 1691 395 Heraclito

78 438 206 479 Stoici
236 438 384 478 miram
415 437 520 478 hanc
554 437 785 478 doctrinam
817 441 1106 492 sumpserunt:
1139 439 1290 491 putant
1322 436 1360 475 οἱ
1396 434 1571 474 Στωικοὶ
1594 428 1692 471 κατά

76 517 122 558 τὸ
155 515 351 569 διάστημα
383 523 454 564 τῆς
488 515 749 566 ὑποκειμένής
782 523 937 571 τροφῆς
970 513 1204 570 διέρχεσθαι
1234 514 1309 554 τὸν
1342 511 1486 560 ἥλιον·
1510 508 1689 556 ὠκεανὸς

78 591 111 634 δ’
143 595 252 634 ἐστιν
284 592 307 641 ἢ
339 600 390 647 ’γῆ
412 625 420 640 ,
455 595 502 640 ἧς
538 594 612 640 τὴν
648 591 925 644 ἆναὲυμίασιν
958 593 1176 643 ἐπινέμεται
1200 588 1238 642 1).
1304 585 1520 635 Quomodo
1550 587 1692 625 autem

77 673 187 710 astra
223 669 360 709 cibum
392 668 469 708 sibi
501 682 663 709 sumere
695 669 880 723 possint,
919 668 1074 724 optime
1106 667 1225 708 nobis
1258 677 1460 721 apparere
1493 676 1546 703 ex
1576 661 1691 702 hisce

76 746 379 787 Anacreonteis
409 746 598 786 versibus
630 746 824 787 videtur:

213 820 216 824 ”
590 823 638 865 ‘H
673 831 724 879 γῆ
756 824 927 875 μέλαινα
958 827 1087 876 πίνει,

590 905 694 943 πίνει
728 900 768 943 δὲ
801 900 949 956 δένδρε’
983 901 1032 942 αὖ
1062 908 1173 956 γῆν·

589 982 695 1020 πίνει
727 978 920 1020 θάλασσα
954 976 987 1020 δ’
1008 977 1136 1031 αὔρας
1161 991 1168 999 ·

597 1059 618 1097 ὁ
652 1054 687 1097 δ’
705 1056 824 1105 ἥλιος
858 1054 1079 1097 θάλασσαν
1097 1086 1107 1105 ,

590 1135 664 1174 τὸν
698 1131 733 1174 δ’
757 1133 879 1182 ἥλιον
912 1132 1080 1180 σελήνη.

590 1213 629 1252 τί
658 1230 726 1263 μοι
756 1209 933 1265 μάχεσθ’
964 1211 1114 1263 ἑταῖροι

373 1344 380 1350 ,
590 1288 725 1343 naim-(23
755 1288 922 1328 (μέλοντι
953 1289 1085 1328 πίνειν
1108 1288 1168 1338 2);

77 1364 147 1419 qui
194 1377 338 1404 versus
377 1365 521 1419 procul
555 1364 680 1405 dubio
713 1364 766 1406 ad
801 1363 1009 1405 Heracliti
1041 1362 1272 1403 doctrinam
1306 1360 1551 1402 conformati
1583 1362 1692 1399 sunt.

76 1441 284 1497 Epicurus
314 1442 421 1482 hanc
455 1442 686 1483 doctrinam
708 1442 765 1483 sic
786 1442 1086 1497 interpretatus
1109 1445 1197 1493 est,
1226 1444 1272 1480 ut
1297 1439 1381 1480 suis
1402 1436 1693 1494 philosophiae

76 1519 291 1574 principiis
332 1532 424 1559 eam
456 1519 802 1560 accommodaret.
844 1519 919 1559 Ait
960 1518 1072 1559 enim
1104 1526 1214 1558 astra
1246 1531 1289 1557 se
1311 1528 1480 1557 movere
1501 1527 1622 1569 posse
1644 1517 1694 1569 τῇ

77 1599 278 1652 θερμασίᾳ
324 1596 425 1638 κατεῖ
459 1598 533 1638 τιν’
568 1599 798 1649 ἐπινέμησιν
830 1601 903 1638 τοῦ
934 1597 1067 1650 πυρὸς
1100 1596 1157 1637 ἀεὶ
1191 1597 1252 1637 ἐπὶ
1280 1597 1382 1642 τοὺς
1414 1592 1506 1644 ἑξῆς
1538 1593 1696 1639 τόπους

77 1674 218 1721 ἰόντος
239 1671 285 1726 3).
348 1673 408 1713 Ut
447 1673 635 1714 flammas
680 1673 914 1713 lambentes
960 1672 1012 1713 ad
1042 1672 1160 1723 loca,
1202 1685 1308 1727 quae
1341 1670 1538 1724 deinceps
1569 1673 1694 1721 sunt,

75 1755 279 1806 perpetuo
325 1750 551 1806 procedere
596 1750 815 1804 videmus,
864 1751 921 1791 sic
969 1754 1081 1791 astra
1112 1763 1304 1805 quoque,
1352 1761 1447 1789 cum
1479 1747 1614 1788 calore
1645 1746 1696 1786 iis

77 1841 181 1883 opus
221 1828 302 1881 sit,
347 1832 598 1883 proserpunt
630 1841 708 1880 eo,
751 1842 832 1883 quo
863 1827 942 1868 hoc
973 1827 1092 1883 quasi
1124 1827 1429 1867 nutrimentum
1461 1824 1694 1865 inveniunt.

77 1905 196 1946 Haec
242 1905 469 1960 explicatio
516 1910 658 1946 tamen
704 1905 841 1946 differt
883 1905 934 1946 ab
976 1918 1053 1958 ea,
1101 1919 1226 1960 quam
1257 1904 1480 1945 Lucretius
1510 1902 1695 1958 profert:

77 1983 208 2024 altera
253 1983 366 2024 enim
410 1982 750 2023 mechanicorum
795 1996 935 2035 more,
978 1992 1024 2022 ut
1065 1982 1126 2022 ita
1172 1982 1334 2034 dicam,
1376 1980 1697 2036 phaenomenon

78 2061 287 2116 explicat,
334 2060 445 2116 quod
490 2060 657 2101 omnino
704 2060 878 2115 Epicuri
921 2060 1110 2100 doctrina
1151 2059 1308 2115 poscit:
1349 2059 1439 2114 ipse
1470 2063 1612 2099 monet
1644 2071 1696 2098 ne

78 2144 276 2194 putemus
331 2143 444 2179 astra
489 2140 617 2180 κατὰ
662 2137 938 2193 βούλησιν
995 2141 1069 2186 τὰς
1115 2140 1292 2187 κινήσεις
1335 2139 1484 2187 ταύτας
1530 2134 1698 2192 λαμβά-

81 2236 163 2259 νειν
180 2219 226 2270 4).
288 2216 539 2269 Lucretius,
587 2216 705 2256 cuius
752 2215 916 2270 poetico
967 2215 1138 2269 ingenio
1190 2215 1322 2256 altera
1371 2214 1504 2269 magis
1541 2213 1699 2269 placuit

81 2295 330 2350 explicatio,
378 2309 484 2350 quae
535 2294 744 2335 Heracliti
784 2294 914 2334 verba
961 2293 1014 2334 ad
1058 2294 1243 2334 litteram
1283 2293 1431 2346 sumit,
1477 2307 1560 2333 non
1606 2306 1698 2348 per-

81 2373 269 2427 spexisse
301 2373 492 2425 videtur,
526 2386 569 2413 se
600 2372 679 2413 hoc
710 2372 865 2427 placito
897 2372 1072 2426 probato
1105 2386 1129 2412 a
1158 2371 1348 2426 magistri
1380 2371 1448 2412 via
1469 2371 1697 2411 aberrasse.

83 2450 281 2491 Ceterum
313 2451 412 2491 satis
444 2451 523 2491 erit
554 2451 821 2505 perspicuum
853 2454 1020 2505 poetam
1051 2450 1095 2489 in
1125 2453 1214 2490 tota
1243 2448 1322 2489 hac
1354 2448 1548 2489 carminis
1579 2452 1698 2503 parte

82 2528 256 2583 Epicuri
302 2528 544 2582 exemplum
592 2532 782 2568 secutum
828 2541 930 2568 esse.
974 2552 1026 2555 —
1074 2527 1126 2568 In
1156 2526 1249 2567 libr.
1281 2527 1316 2567 I.
1348 2541 1407 2567 VS.
1444 2527 1552 2567 1052
1585 2540 1697 2582 seqq.

127 2762 151 2802 ¹)
198 2761 284 2793 Plut.
308 2761 330 2792 l.
354 2761 376 2792 1.

124 2824 150 2866 ²)
199 2824 315 2865 Bergk.
352 2824 470 2855 Poetae
503 2823 565 2864 lyr.
602 2833 705 2864 graec.
741 2823 809 2855 ΙΙΙ.
842 2835 874 2864 p.
903 2825 982 2857 1057
1005 2835 1058 2856 no.
1083 2826 1133 2854 21.
1160 2825 1208 2855 ed.
1234 2826 1263 2855 3.
1310 2823 1362 2854 Sic
1385 2826 1471 2854 terra
1493 2822 1638 2854 nutritus
1659 2833 1700 2854 ex

83 2898 155 2919 aere
172 2911 180 2926 ‚
204 2886 340 2928 quiescit
362 2891 472 2918 tamen
492 2897 598 2927 neque
621 2886 730 2917 cibum
754 2886 816 2918 sibi
839 2887 985 2928 quaerit,
1011 2898 1058 2917 vs.
1084 2889 1144 2920 275
1170 2897 1258 2928 seqq.

125 2950 151 2991 3)
199 2950 240 2980 D.
266 2950 302 2981 L.
325 2949 369 2980 X.
395 2950 445 2980 93.

127 3012 153 3054 4>
203 3012 242 3043 D.
267 3012 304 3043 L.
329 3012 372 3043 X.
400 3014 450 3044 77.
