1894 3235
922 116 975 155 54

143 265 311 307 quoque
343 264 488 292 eorum
519 249 647 292 animi
679 250 942 303 continente,
974 249 1123 291 crescit
1153 249 1316 291 animus
1347 248 1544 305 quidam,
1589 249 1760 305 plantae

142 329 312 382 similis,
363 329 434 384 qui
467 328 645 381 deinde,
694 331 817 382 partu
846 327 983 381 facto,
1033 328 1142 369 aeris
1186 328 1229 369 vi
1275 331 1463 368 mutatur
1493 327 1536 367 in
1567 326 1758 368 animalis

142 407 328 449 animum
356 410 394 456 ¹).

199 483 382 539 Utrique
414 482 614 538 Epicurei
647 485 688 522 et
720 480 850 522 Stoici
881 481 1124 522 statuebant
1156 482 1238 524 ὰπὸ
1259 485 1333 523 τοῦ
1357 482 1548 533 σώματος
1571 480 1676 524 ὅλου
1697 483 1759 523 καὶ

141 568 215 610 τῆς
245 562 386 616 ψυχῆς
419 561 611 614 φέρεσθαι
641 559 690 600 τὰ
724 560 933 613 σπέρματα
965 558 1091 610 (Plut.
1129 558 1235 613 plac.
1268 557 1321 598 V.
1351 557 1468 613 Epic.
1494 562 1516 597 3
1541 557 1670 599 Stoici
1696 558 1760 610 11)

143 652 224 694 quo
243 638 371 679 Stoici
389 637 616 677 liberorum
634 635 953 677 similitudinem
971 649 1066 676 cum
1086 636 1331 690 parentibus
1353 635 1622 691 explicabant
1640 635 1758 690 (plac.

142 715 196 757 V.
234 716 317 769 11).
379 714 509 756 Stoici
554 719 696 755 autem
740 713 953 768 negabant
994 713 1151 754 foetum
1198 713 1281 754 iam
1329 714 1483 754 animal
1526 726 1643 766 esse,
1689 712 1763 754 sed

142 794 282 850 potius
312 797 360 834 ut
385 792 572 848 plantam
596 805 692 832 eum
713 792 856 833 vivere
878 796 919 832 et
941 805 1127 833 crescere
1149 791 1360 833 dicebant:
1383 795 1421 834 οἱ
1447 795 1619 835 Στωϊκοὶ
1639 794 1764 848 μέρος

144 871 244 913 εἶναι
291 870 391 912 αὐτὸ
423 870 484 922 (τὸ
516 867 718 924 ἔμβρυον)
750 876 822 918 τῆς
852 871 1066 925 γαστρὸς,
1112 870 1160 911 οὗ
1193 869 1305 926 ζῴον
1329 903 1336 910 .
1384 870 1519 923 ὥσπερ
1551 870 1633 924 ’γὰρ
1664 871 1763 919 τοὺς

144 949 329 1003 καρποὺς
373 949 471 1002 μέρη
518 949 601 988 τῶν
647 950 787 1002 φυτῶν
834 948 961 997 ὄντας
1009 949 1336 999 πεπαινομένους
1383 946 1607 1003 ἆποῤῥεῖν,
1656 947 1764 989 οὕτω

144 1028 206 1067 καὶ
248 1026 296 1067 τὸ
328 1023 529 1081 ἔμβρυον.
591 1024 771 1078 Foetus,
803 1025 973 1080 plantae
1011 1038 1094 1065 non
1116 1024 1350 1078 dissimilis,
1389 1025 1537 1066 deinde
1568 1029 1690 1081 partu
1721 1025 1764 1065 in

144 1103 282 1143 lucem
318 1102 535 1158 proditus,
584 1116 724 1143 aerem
754 1103 960 1157 inspirare
992 1103 1158 1158 coepit,
1192 1117 1272 1158 quo
1306 1102 1474 1144 demum
1504 1102 1551 1143 fit
1581 1102 1764 1156 animal3

145 1184 332 1222 mutatur
373 1194 472 1235 ergo
516 1194 538 1221 e
570 1181 740 1236 plantae
771 1184 922 1222 natura
951 1181 995 1221 in
1026 1181 1218 1222 animalis
1249 1186 1454 1223 naturam.
1517 1181 1640 1222 Hanc
1673 1180 1766 1223 doc-

145 1259 299 1299 trinam
345 1258 397 1299 ab
443 1257 679 1314 Herophilo
727 1258 899 1314 Epicuri
944 1258 1031 1300 fere
1079 1259 1272 1314 aequali,
1319 1260 1390 1315 qui
1436 1263 1535 1300 tunc
1566 1259 1767 1315 temporis

145 1336 445 1378 celeberrimus
467 1339 557 1377 erat
577 1336 765 1378 medicus
788 1340 830 1377 et
852 1336 1134 1390 anatomicus,
1159 1337 1383 1392 sumpsisse
1405 1336 1602 1377 videntur
1623 1336 1765 1378 Stoici.

145 1415 287 1456 Huius
335 1414 575 1470 opinionem
617 1415 730 1456 Plac.
774 1414 828 1455 V.
875 1416 946 1468 15,
995 1414 1251 1456 Plutarchus
1292 1415 1348 1456 sic
1395 1415 1615 1470 exprimit:
1647 1414 1768 1470 Ἡρό-

147 1492 274 1548 φιλος
315 1495 474 1542 κίνησιν
516 1492 732 1535 ἀπολείπει
778 1495 954 1548 φυσικὴν
992 1499 1081 1543 τοῖς
1116 1491 1339 1548 ἐμβρύοις,
1385 1494 1434 1535 οὐ
1467 1495 1765 1546 πνευματικήν.

145 1578 220 1620 τῆς
263 1569 304 1614 δὲ
346 1573 544 1620 κινήσεως
591 1571 696 1612 αἴτια
737 1576 859 1625 νεῦρα
881 1603 889 1612 .
933 1572 1023 1613 τότε
1056 1569 1096 1613 δὲ
1130 1571 1216 1619 ζῶα
1249 1574 1441 1627 ’γίνεσθαι
1474 1573 1574 1613 ὅταν
1605 1589 1769 1627 προχυ-

145 1651 270 1691 θέντα
302 1647 536 1704 προσλάβῃ
567 1667 604 1690 τι
634 1653 708 1690 τοῦ
739 1649 874 1703 ἀέρος.
919 1648 1161 1690 Secundum
1193 1648 1269 1690 hos
1292 1649 1424 1703 igitur
1447 1649 1612 1690 animus
1632 1653 1767 1690 muta-

147 1727 262 1768 tione
309 1726 489 1782 quadam
531 1740 554 1767 e
593 1740 678 1767 non
709 1727 851 1767 sensili
883 1727 1026 1768 oritur.
1087 1727 1269 1768 Brevem
1300 1727 1492 1768 invenies
1520 1726 1628 1768 hanc
1660 1727 1768 1769 Stoi-

148 1819 293 1847 corum
340 1804 580 1860 opinionem
627 1804 670 1844 in
711 1804 824 1845 Plut.
869 1804 918 1846 de
961 1805 1088 1846 Stoic.
1121 1818 1297 1860 repugn.
1331 1806 1408 1846 41:
1453 1806 1500 1847 τὸ
1530 1803 1694 1861 βρέφος
1725 1807 1768 1848 ἐν

147 1885 198 1939 τῇ
227 1884 377 1938 γαστρὶ
411 1883 529 1937 φύσει
561 1883 802 1937 τρέφεσθαι,
836 1881 1012 1935 νομίζει,
1045 1883 1228 1937 καθάπερ
1261 1884 1421 1938 φὺτον,
1452 1883 1553 1923 ὅταν
1575 1879 1616 1924 δὲ
1637 1884 1769 1938 τεχθῇ

146 1962 418 2017 ψυχούμενον
448 1960 530 2001 ὑπὸ
562 1964 637 2002 τοῦ
669 1961 792 2015 ἀέρος
824 1963 886 2002 καὶ
921 1963 1206 2014 στομούμενον
1237 1961 1284 2002 τὸ
1308 1965 1464 2013 πνεῦμα
1485 1958 1770 2016 μεταβάλλειν

149 2040 212 2079 καὶ
243 2039 436 2092 ’γίνεσθαι
467 2036 592 2093 ζῷον.

209 2114 365 2156 Contra
411 2114 523 2155 hunc
569 2118 736 2170 partum
783 2119 825 2156 et
871 2114 979 2156 hanc
1024 2115 1351 2156 mutabilitatem
1389 2115 1518 2156 animi
1549 2115 1771 2157 Lucretius

149 2193 271 2234 affert
301 2193 504 2234 nonnulla
533 2197 806 2248 argumenta,
851 2207 957 2249 quae
988 2198 1131 2235 tamen
1162 2193 1284 2234 valde
1315 2194 1466 2235 vitiosa
1498 2194 1696 2248 leguntur
1726 2194 1771 2234 in

151 2270 267 2312 codd.
316 2285 375 2311 vs.
421 2272 497 2311 931
534 2284 647 2326 seqq.
708 2271 867 2312 Dicunt
912 2271 1139 2313 adversarii
1181 2272 1367 2312 animum
1399 2278 1611 2327 tamquam
1634 2276 1771 2326 partu

151 2348 331 2404 quodam
363 2349 451 2389 sive
482 2349 758 2389 mutabilitate
788 2349 877 2390 fieri
909 2354 999 2390 tum
1031 2364 1125 2390 cum
1149 2350 1191 2390 in
1213 2349 1384 2390 luminis
1401 2363 1491 2390 oras
1513 2349 1771 2404 protruditur

153 2427 270 2481 (crgo
302 2441 362 2467 vs.
397 2428 477 2468 933
510 2427 737 2481 legendum
769 2433 856 2481 est,
894 2441 1017 2482 quom
1040 2427 1242 2481 proditur
1263 2428 1413 2481 extra).
1455 2427 1535 2468 His
1556 2427 1658 2483 ipsis
1679 2441 1770 2468 ver-

152 2504 216 2545 bis
247 2508 372 2560 pocta
399 2504 532 2545 utitur
562 2508 608 2544 ut
641 2518 710 2545 cos
742 2504 918 2546 refellat.
980 2505 1023 2546 Si
1065 2504 1115 2545 de
1146 2509 1270 2559 partu
1303 2509 1365 2545 est
1397 2519 1558 2559 sermo,
1600 2518 1770 2547 necesse

154 2586 216 2623 est
262 2586 403 2637 partes
444 2582 555 2635 eius,
588 2581 699 2637 quod
746 2582 934 2637 paritur,
982 2582 1065 2623 iam
1112 2582 1194 2622 sint
1241 2587 1519 2637 congregatae
1551 2587 1648 2624 ante
1678 2597 1771 2638 par-

153 2664 271 2700 tum:
305 2659 489 2714 alioquin
522 2659 621 2714 quid
654 2659 874 2714 parietur?
919 2659 1180 2710 (Tenendum
1212 2664 1274 2701 est
1306 2664 1473 2715 poetam
1505 2674 1623 2701 suam
1653 2661 1770 2716 sequi

155 2736 411 2789 doctrinam,
444 2750 551 2792 quac
584 2736 747 2790 omnia,
780 2736 966 2777 animum
997 2750 1162 2792 quoque
1183 2750 1237 2777 ex
1259 2737 1407 2778 atomis
1430 2737 1658 2792 composita
1679 2751 1770 2779 esse

152 2814 270 2868 vult).
348 2814 403 2855 Et
453 2814 553 2870 quid
595 2814 750 2855 mutari
795 2818 933 2870 potest
975 2815 1056 2856 nisi
1102 2819 1226 2856 antea
1272 2815 1367 2856 est?
1444 2814 1602 2856 Dicunt
1647 2819 1770 2871 partu

197 2989 222 3031 1)
271 2988 394 3028 ZeUer,
420 2988 488 3020 ΙΙΙ.
517 2989 586 3018 181.
