1894 3235
919 116 997 156 136

155 250 292 306 posita
333 250 386 291 sit
427 249 479 291 ad
510 253 652 291 terrae
683 249 886 290 circulum
918 248 1173 304 orbemque,
1219 262 1300 304 quo
1331 248 1378 289 fit
1407 252 1454 289 ut
1484 262 1577 290 raro
1608 252 1772 302 tantum

155 333 292 369 terrae
337 328 437 368 luna
487 326 668 381 „rigidas
713 327 806 368 coni
851 326 1093 382 perlabatur
1134 326 1344 367 umbras’'.
1405 325 1526 367 Haec
1558 326 1592 367 si
1624 330 1771 379 tenes,

155 406 370 460 intellegis
402 405 502 460 quid
533 404 757 446 Lucretius
787 404 919 456 velit,
951 418 1046 444 cum
1077 408 1357 458 congruenter
1387 418 1481 445 cum
1511 403 1646 459 prima
1677 404 1774 445 solis

157 483 345 524 defectus
377 481 685 538 explicatione,
718 481 776 522 sic
808 481 932 522 lunae
965 481 1175 522 defectum
1207 482 1414 536 explicet:
1462 486 1529 533 „et
1560 495 1633 522 cur
1664 487 1774 522 terra

155 564 282 616 queat
328 560 471 600 lunam
518 559 698 614 spoliare
735 559 919 599 vicissim
950 559 1108 599 lumine
1140 563 1183 599 et
1214 560 1458 614 oppressum
1489 559 1618 600 solem
1650 572 1774 614 super

154 638 245 693 ipsa
275 642 448 690 tenere,
480 642 697 677 menstrua
728 635 827 676 dum
857 636 1013 690 rigidas
1045 636 1138 677 coni
1170 637 1402 691 perlabitur
1432 636 1630 690 umbras;
1671 640 1774 677 tem·

154 729 254 771 pore
285 714 433 756 eodem
464 715 568 755 aliut
599 719 780 770 nequeat
812 727 1054 755 succurrere
1086 714 1208 755 lunae
1241 728 1390 770 corpus
1420 715 1487 755 vel
1520 728 1646 770 supra
1677 714 1775 755 solis

155 792 364 848 perlabier
396 792 567 844 orbem,
600 791 713 848 quod
744 791 881 833 radios
916 792 1195 847 interrumpat
1215 792 1441 848 lumenque
1462 791 1726 847 profusum?''
1750 791 1774 841 ¹)

155 870 288 912 Vides
327 870 499 911 minime
539 874 732 910 accurate
770 874 939 924 poetam
971 883 1122 910 canere
1153 875 1416 910 menstruam
1446 870 1589 910 lunam
1621 868 1777 923 rigidas

155 953 292 990 terrae
338 948 431 989 coni
462 947 623 1002 perlabi
654 948 851 1001 umbras,
900 952 942 988 et
973 962 1031 988 vs.
1068 948 1176 1000 765,
1211 948 1262 988 66
1320 947 1581 1001 significare,
1628 960 1777 1002 corpus

154 1026 259 1068 illud
290 1026 540 1079 obscurum,
581 1031 736 1079 noctu,
784 1040 880 1067 cum
911 1027 971 1067 sol
1003 1031 1066 1067 est
1098 1025 1174 1066 sub
1206 1035 1344 1079 terra,
1391 1030 1463 1067 aut
1494 1025 1604 1066 inter
1633 1025 1777 1066 lunam

156 1109 197 1146 et
238 1109 393 1146 terram
423 1105 707 1158 („succurrere
739 1104 910 1158 lunae’')
944 1108 1016 1145 aut
1046 1104 1156 1144 inter
1186 1108 1342 1144 terram
1374 1108 1416 1144 et
1447 1104 1576 1144 solem
1609 1107 1779 1159 („supra

156 1183 253 1224 solis
276 1183 465 1232 orbem'’)
498 1183 559 1223 ita
588 1182 771 1237 positum
804 1195 893 1222 esse
926 1182 1107 1235 debere,
1154 1187 1201 1222 ut
1232 1182 1332 1223 luna
1362 1196 1437 1237 per
1468 1182 1557 1223 eius
1587 1181 1778 1222 umbram

154 1261 362 1303 volvatur.
396 1285 449 1289 —-
482 1260 631 1301 Altera
661 1260 787 1301 lunae
810 1259 997 1301 defectus
1024 1259 1278 1315 explicatio,
1313 1261 1393 1301 768
1417 1273 1554 1315 seqq,
1587 1260 1778 1314 congruit

155 1353 251 1381 cum
283 1339 360 1393 iis,
409 1352 516 1394 quae
549 1338 600 1379 de
632 1338 729 1379 solis
761 1338 927 1380 defectu
960 1337 1183 1391 dicuntur,
1227 1339 1308 1379 758
1341 1352 1478 1394 seqq,
1511 1337 1563 1379 ad
1593 1342 1779 1379 mentem

154 1417 363 1458 Heracliti
382 1449 392 1469 ,
423 1420 471 1457 ut
502 1416 661 1471 opinor.

212 1495 298 1536 Hic
343 1495 474 1550 partis
520 1494 824 1535 astronomicae
871 1499 934 1535 est
971 1494 1078 1534 finis.
1141 1493 1247 1535 Cum
1280 1493 1361 1535 fide
1394 1499 1436 1535 et
1465 1494 1625 1550 pietate
1655 1498 1780 1550 poeta

154 1572 336 1627 vestigia
380 1571 571 1626 magistri
603 1571 781 1626 pressit:
829 1585 913 1611 non
945 1571 1113 1624 omnia,
1160 1585 1267 1627 quae
1299 1571 1367 1612 hic
1399 1572 1600 1627 protulit,
1647 1571 1699 1613 ab
1731 1585 1780 1613 eo

156 1655 254 1692 sunt
299 1651 538 1706 explicata,
597 1649 670 1691 sed
701 1649 744 1690 in
794 1649 988 1690 omnibus
1039 1649 1240 1704 magistro
1290 1650 1544 1691 auscultavit
1595 1650 1778 1692 dicenti:

156 1731 180 1779 ἡ
222 1732 313 1771 θεία
355 1730 480 1784 φύσις·
525 1729 635 1783 πρὸς
666 1732 792 1770 ταῦτα
825 1727 894 1778 (ad
924 1731 1112 1769 meteora
1145 1728 1415 1783 explicanda)
1461 1727 1621 1781 μηδαμῆ
1652 1747 1781 1784 προς-

155 1810 347 1863 αγεσθω,
389 1806 486 1848 ἀλλ’
527 1806 856 1861 ἀλειτούργητος
903 1804 1173 1860 διατηρείσθω
1221 1810 1284 1848 καὶ
1318 1809 1361 1849 ἐν
1396 1806 1476 1863 [τῇ]
1511 1808 1625 1863 πάσῃ
1655 1826 1781 1860 μακα-

154 1886 329 1940 ριότητι,
362 1884 420 1932 ὡς
451 1885 482 1925 εἰ
513 1889 637 1925 τοῦτο
668 1884 723 1936 μὴ
755 1885 1072 1939 πραχθήσεται,
1106 1883 1244 1926 ἅπασα
1277 1885 1300 1933 ἡ
1333 1888 1423 1938 περὶ
1455 1887 1540 1926 τῶν
1569 1884 1780 1939 μετεώρων

155 1962 391 2017 αἰτιολογία
434 1964 584 2015 ματαία
625 1961 748 2003 ἕσται.
811 1960 934 2002 Cavit
964 1974 1018 2002 ne
1049 1961 1127 2002 Sibi
1159 1961 1423 2016 contingeret
1455 1963 1638 2017 καθάπερ
1672 1966 1780 2004 τισὶν

156 2038 233 2090 ἤδη
280 2042 439 2094 ἐγένετο
487 2040 536 2081 οὐ
584 2037 763 2081 δυνατοῦ
808 2040 969 2092 τρόπου
1013 2041 1311 2094 ἐφαψαμένοις,
1359 2043 1416 2089 εἰς
1458 2038 1497 2083 δὲ
1529 2041 1576 2082 τὸ
1606 2040 1780 2092 μάταιον

156 2120 373 2160 ἐκπεσοῦσι
418 2121 476 2173 τῷ
517 2117 608 2159 cca&
639 2118 709 2158 ἕνα
742 2118 902 2171 τρόπον
935 2117 1094 2159 οἰἐσ-ἲται
1127 2121 1318 2173 γίνεσθαι
1349 2119 1482 2170 μόνον
1511 2119 1612 2166 τούς
1642 2118 1676 2158 τ’
1707 2117 1779 2159 ἆλ-

156 2194 262 2243 λους
310 2195 498 2246 ἅπαντας
545 2196 644 2243 τοὺς
693 2195 792 2235 κατὰ
841 2195 887 2235 τὸ
935 2192 1211 2249 ἐνδεχόμενον
1259 2193 1506 2249 ἐκβάλλειν,
1556 2195 1612 2244 ε’ίς
1656 2213 1696 2236 τε
1733 2195 1780 2236 τὸ

155 2271 406 2321 ἀδιανόητον
438 2274 679 2328 φερομένοις
712 2274 774 2313 καὶ
807 2272 855 2313 τὰ
888 2273 1115 2327 φαινόμενα
1148 2271 1171 2313 ἃ
1206 2271 1265 2314 δεῖ
1296 2275 1469 2323 [σημεῖα]
1502 2271 1782 2329 ἀποδέχεσθαι

154 2353 208 2405 μὴ
242 2349 485 2403 δυναμένοις
517 2352 770 2404 συνθεωρεῖν
792 2352 837 2398 ²).

215 2428 278 2469 Eo
310 2442 405 2469 cum
435 2427 620 2468 maxime
651 2427 791 2467 meriti
824 2431 921 2467 sunt
952 2426 1152 2482 Epicurei
1187 2426 1238 2467 dc
1270 2426 1563 2482 philosophia,
1595 2426 1705 2482 quod
1726 2440 1781 2467 ex

156 2521 241 2548 una
284 2505 462 2547 materia
494 2509 536 2546 et
576 2519 659 2545 uno
692 2509 927 2545 atomorum
958 2509 1075 2545 motu
1109 2505 1247 2545 onmia
1280 2506 1493 2561 explicare
1525 2505 1781 2546 conabantur

157 2588 200 2626 et
230 2584 273 2624 in
305 2587 394 2624 tota
424 2588 599 2624 naturae
631 2583 956 2637 investigatione
988 2597 1115 2623 unam
1146 2583 1351 2624 rationem
1380 2583 1512 2624 secuti
1535 2587 1653 2637 sunt,
1686 2596 1780 2624 cum

158 2662 350 2703 sensibus
397 2661 495 2701 solis
541 2661 666 2701 fidem
711 2660 928 2701 haberent.
992 2661 1097 2702 Cum
1145 2661 1205 2702 ita
1245 2665 1450 2716 perpetuo
1482 2661 1559 2702 sibi
1591 2664 1780 2701 constare

158 2740 296 2781 conati
328 2739 411 2780 sint
444 2742 486 2780 ct
518 2738 711 2780 omnibus
743 2739 1062 2792 instrumentis,
1095 2739 1248 2795 quibus
1278 2744 1444 2780 nostrae
1475 2739 1625 2780 aetatis
1652 2742 1781 2779 astro-

202 2925 227 2965 1)
273 2924 330 2956 Vs.
357 2925 517 2958 762—67.

202 2986 226 3025 2)
274 2987 315 3018 D.
341 2987 378 3018 L.
403 2988 457 3025 x,
483 2988 534 3021 97.
