1921 3235
899 117 980 159 180

293 253 372 293 Καὶ
403 251 512 306 πρὸς
542 256 630 302 τοῖς
663 248 749 292 οὔτ’
781 249 893 291 ἄλλο
923 268 960 291 τι
989 252 1176 306 γίγνεται
1207 249 1295 293 οὐδ’
1326 250 1532 306 ἀπολήγει

283 404 425 447 ’Ἄλλο
459 403 500 447 δέ
530 423 594 446 τοι
625 406 720 459 ἐρέω
755 418 763 426 ·
798 406 923 459 φύσις
955 403 1128 456 οὐδενός
1162 407 1270 448 ἐστιν
1303 406 1499 448 ἁπάντων

292 485 484 532 θνητῶν,
517 480 612 524 οὐδὲ
640 501 702 532 τις
734 481 967 534 οὐλομένου
997 483 1197 525 θανάτοιο
1228 483 1418 534 τελευτή,

292 554 404 599 ἀλλὰ
435 559 568 610 μόνον
598 556 710 611 μῖξίς
741 576 781 599 τε
813 555 1037 607 διάλλαξίς
1068 578 1108 601 τε
1138 562 1341 615 μιγέντων

291 637 402 685 ἐστι’,
434 637 557 690 φύσις
590 633 623 677 δ’
655 637 717 676 ἐπὶ
749 641 839 684 τοῖς
871 636 1115 688 ὀνομάζεται
1147 637 1433 691 ἀνθρώποισιν
1464 650 1473 660 ·

291 714 332 753 ἐκ
360 716 434 753 τοῦ
466 713 548 767 ’γὰρ
579 714 633 765 μὴ
665 713 812 760 ἐόντος
843 711 1064 768 ἀμήχανόν
1096 715 1179 755 ἐστι
1209 715 1424 768 γενέσθαι,

290 791 339 831 τό
369 790 401 831 τ’
433 792 502 832 ἐὸν
533 788 792 837 ἐξόλλυσθαι
824 789 1062 838 ἆνὴνυστον
1093 794 1156 833 καὶ
1189 791 1399 846 ἄπρηκτον
1427 790 1465 841 ¹).

179 866 294 907 Luce
326 871 389 908 est
421 867 585 920 clarius,
618 867 659 907 ni
691 867 886 920 fallimur,
919 868 1165 909 Lucretium
1214 867 1281 909 hic
1313 883 1477 924 quoque
1509 869 1740 925 Epicurum

122 948 336 998 secutum,
368 945 552 986 breviter
583 945 724 986 omnia
755 945 1146 1000 comprehendisse,
1180 960 1286 1002 quae
1317 947 1388 987 illc
1420 951 1565 987 contra
1594 946 1739 988 adver-

120 1022 249 1063 sarios
294 1036 473 1063 vacuum
519 1027 725 1077 negantes
771 1024 997 1079 scripserit.
1058 1024 1177 1065 Idem
1224 1025 1482 1066 ostendimus
1528 1039 1622 1080 pag.
1659 1026 1738 1066 138

121 1099 171 1141 de
217 1114 276 1140 vs.
325 1101 405 1140 786
453 1113 566 1156 seqq.
609 1113 632 1141 e
676 1101 782 1141 libro
815 1101 883 1154 V,
936 1101 1008 1156 qui
1039 1115 1063 1142 a
1094 1102 1271 1142 Mnnroo
1293 1100 1325 1156 2)
1358 1102 1410 1143 ad
1440 1101 1739 1157 Empedoclem

120 1177 382 1233 potissimum
413 1177 664 1218 referuntur.
699 1178 834 1226 Quam
866 1184 1025 1220 temere
1056 1179 1269 1220 interdum
1300 1184 1427 1234 agant
1457 1180 1501 1220 in
1531 1179 1740 1235 Empedo-

121 1255 222 1296 cleis
268 1269 362 1296 cum
407 1255 675 1297 Lucretianis
714 1257 904 1297 versibus
937 1257 1225 1312 comparandis
1255 1257 1352 1298 inde
1383 1257 1501 1298 vides
1532 1257 1642 1313 quod
1672 1258 1739 1311 ΙΙ,

125 1333 234 1373 1112
267 1346 381 1389 seqq.
415 1333 685 1374 conferuntur
717 1348 811 1375 cnm
843 1334 1110 1389 Empedoclis
1143 1337 1248 1388 273,
1284 1336 1364 1388 74,
1412 1336 1521 1389 378,
1556 1337 1607 1376 79
1631 1334 1685 1389 3),
1716 1349 1741 1376 a

123 1411 331 1465 Mumoo,
363 1416 410 1452 ut
440 1426 572 1452 unum
602 1412 786 1453 afferam.
848 1412 904 1453 Et
935 1420 1076 1454 tamen
1106 1412 1212 1453 nihil
1244 1413 1412 1454 omnino
1443 1413 1600 1454 habent
1631 1427 1741 1455 com-

122 1503 250 1530 mune
295 1494 463 1544 praeter
509 1489 691 1530 sonitum
735 1490 1048 1532 vocabulorum.
1109 1491 1387 1546 Empedocles
1427 1505 1628 1544 narrans,
1669 1493 1741 1547 qui

122 1566 304 1608 mundus
354 1581 408 1608 ex
461 1568 681 1609 elementis
713 1569 941 1622 coaluerit,
975 1569 1101 1610 dicit:
1155 1573 1251 1624 πυρὶ
1305 1567 1341 1612 δ’
1375 1568 1590 1617 αὐξάνεται
1636 1574 1741 1623 πῦρ,

122 1644 234 1694 αὔξει
282 1644 322 1688 δὲ
370 1648 490 1702 χθὼν
535 1650 608 1699 μὲν
655 1650 852 1703 σφέτερον
884 1646 1033 1701 δέμας,
1081 1650 1222 1703 αἶὲῖέρα
1255 1646 1289 1691 δ’
1320 1650 1457 1702 αἰθήρ.
1519 1647 1741 1689 Lucretius

121 1723 223 1765 item
256 1723 495 1766 describens
527 1726 598 1780 qui
628 1725 809 1766 mundus
839 1730 934 1781 post
970 1730 1160 1781 „tempus
1190 1726 1400 1780 genitale'’
1433 1726 1633 1779 creverit,
1664 1725 1742 1767 hos

121 1816 267 1844 versus
297 1803 441 1845 addit:
479 1818 600 1856 „nam
632 1818 707 1845 sua
738 1805 917 1860 cuique,
959 1804 1061 1845 locis
1093 1818 1148 1846 ex
1180 1805 1403 1858 omnibus,
1437 1805 1577 1846 omnia
1607 1805 1742 1860 plagis

122 1894 297 1937 corpora
337 1881 646 1923 distribuuntur
682 1886 723 1923 et
754 1882 807 1923 ad
838 1897 913 1924 sua
944 1883 1082 1924 saecla
1112 1882 1344 1935 recedunt,
1392 1897 1512 1924 umor
1542 1882 1595 1924 ad
1625 1897 1741 1924 umo-

121 1973 238 2014 rem,
284 1963 452 2002 terreno
493 1975 666 2016 corpore
711 1965 824 2003 terra
865 1961 1042 2014 crescit,
1084 1964 1127 2002 et
1171 1960 1314 2015 ignem
1354 1961 1474 2015 ignes
1504 1961 1742 2016 procudunt

423 2038 447 2056 Η

121 2041 302 2094 aeraque
334 2042 417 2080 ae’r.
508 2039 707 2080 Formam
744 2039 985 2094 respicienti
1017 2039 1174 2080 similes
1206 2038 1339 2080 videri
1371 2043 1546 2094 possunt
1575 2039 1620 2080 hi
1650 2053 1741 2081 ver-

122 2130 219 2169 sus,
267 2115 341 2157 sed
378 2116 582 2157 Munrous
623 2121 745 2172 putat
777 2130 846 2157 eos
879 2131 922 2157 re
951 2117 1063 2158 inter
1095 2130 1137 2158 se
1171 2130 1403 2171 congruere
1425 2115 1482 2170 4),
1529 2117 1639 2172 quod
1670 2118 1740 2174 qui

122 2191 269 2233 doctus
315 2196 358 2234 et
399 2207 531 2248 sagax
577 2193 640 2234 vir
686 2193 939 2234 contendere
985 2194 1117 2249 possit
1159 2208 1242 2235 non
1274 2194 1489 2248 intellego.
1550 2195 1741 2236 Primum

122 2270 234 2311 enim
280 2285 414 2326 aqua,
464 2271 604 2325 ignis,
653 2276 792 2323 terra,
830 2285 902 2312 aer
933 2285 1018 2312 non
1052 2271 1199 2313 eadem
1241 2276 1338 2312 sunt
1380 2273 1546 2328 utrique
1577 2278 1740 2328 poetae.

121 2348 367 2404 Empedocli
423 2353 520 2390 sunt
567 2349 778 2390 elementa
823 2363 985 2402 rerum,
1042 2349 1241 2390 Lucretio
1287 2354 1383 2390 sunt
1429 2351 1741 2406 complexiones

121 2430 368 2467 atomorum.
430 2426 594 2468 Deinde
640 2426 752 2482 apud
798 2427 1098 2482 Empedoclem
1146 2427 1430 2481 conveniunt,
1467 2429 1565 2483 quia
1594 2433 1740 2470 mutuo

121 2517 212 2545 sese
261 2508 430 2557 amant,
483 2505 722 2557 ὁμοιωθέντ’
768 2503 995 2561 Ἀφροδίτῃ
1041 2505 1189 2558 (266):
1242 2505 1448 2546 eiusmodi
1488 2506 1739 2562 principium

165 2689 187 2729 ¹)
233 2687 438 2729 Empedoclis
463 2687 614 2720 Carmina
635 2687 736 2720 edidit
760 2687 856 2719 Mfill.
881 2699 928 2720 vs.
955 2690 1017 2728 92,
1042 2690 1200 2721 98—103.

165 2750 191 2790 ²)
238 2750 290 2782 Ad
311 2750 362 2789 V,
389 2751 460 2783 783.

164 2813 191 2853 ³)
236 2812 289 2844 Ex
310 2812 387 2845 edit.
411 2811 507 2844 Miffl„

164 2874 190 2916 ²)
236 2875 268 2906 N
271 2885 312 2907 on
344 2874 459 2906 iisdem
493 2874 600 2907 verbis
633 2875 694 2907 hoc
717 2875 810 2914 dicit,
844 2886 917 2907 cum
941 2886 1018 2908 vero
1041 2880 1135 2917 putet
1157 2887 1277 2909 versus
1299 2877 1446 2909 laudatos
1469 2877 1641 2910 convenire
1664 2889 1738 2910 cum

122 2937 216 2978 Emp.
242 2939 302 2971 273
317 2962 325 2976 ,
350 2939 408 2977 74,
432 2938 518 2979 quod
540 2941 649 2970 tamen
672 2939 713 2970 ad
735 2939 871 2971 formam
894 2938 1031 2971 attineat
1054 2939 1164 2981 potius
1187 2950 1268 2972 cum
1285 2941 1364 2979 378,
1391 2942 1450 2979 79,
1474 2940 1630 2973 concludo
1644 2940 1738 2973 illum

120 3003 235 3041 putare
257 3000 379 3041 priores
402 3011 515 3032 versus
539 3011 573 3033 re
596 3001 682 3033 inter
705 3012 739 3034 se
763 3002 947 3034 convenire.
