<?xml version="1.0" encoding="UTF-8"?>
<!DOCTYPE html PUBLIC "-//W3C//DTD XHTML 1.0 Transitional//EN"
    "http://www.w3.org/TR/xhtml1/DTD/xhtml1-transitional.dtd">
<html xmlns="http://www.w3.org/1999/xhtml" xml:lang="en" lang="en">
 <head>
  <title>
</title>
<meta http-equiv="Content-Type" content="text/html;charset=utf-8" />
  <meta name='ocr-system' content='tesseract 3.04.00' />
  <meta name='ocr-capabilities' content='ocr_page ocr_carea ocr_par ocr_line ocrx_word'/>
</head>
<body>
  <div class='ocr_page' id='page_1' title='image "./lucretiiphilosop00woltuoft_0060.png"; bbox 0 0 1894 3235; ppageno 0'>
   <div class='ocr_carea' id='block_1_1' title="bbox 925 138 980 178">
    <p class='ocr_par' dir='ltr' id='par_1_1' title="bbox 925 138 980 178">
     <span class='ocr_line' id='line_1_1' title="bbox 925 138 980 178; baseline 0 0"><span class='ocrx_word' id='word_1_1' title='bbox 925 138 980 178; x_wconf 88' lang='grc'>46</span> 
     </span>
    </p>
   </div>
   <div class='ocr_carea' id='block_1_2' title="bbox 140 271 1766 2429">
    <p class='ocr_par' dir='ltr' id='par_1_2' title="bbox 145 271 1765 1185">
     <span class='ocr_line' id='line_1_2' title="bbox 147 271 1764 329; baseline 0.001 -15"><span class='ocrx_word' id='word_1_2' title='bbox 147 272 286 314; x_wconf 85' lang='lat' dir='ltr'>omnia</span> <span class='ocrx_word' id='word_1_3' title='bbox 329 271 619 328; x_wconf 86' lang='lat' dir='ltr'>phaenomena</span> <span class='ocrx_word' id='word_1_4' title='bbox 665 285 718 312; x_wconf 88' lang='lat' dir='ltr'>ex</span> <span class='ocrx_word' id='word_1_5' title='bbox 755 271 940 324; x_wconf 83' lang='lat' dir='ltr'>„caecis”</span> <span class='ocrx_word' id='word_1_6' title='bbox 973 272 1121 313; x_wconf 80' lang='lat' dir='ltr'>atomis</span> <span class='ocrx_word' id='word_1_7' title='bbox 1153 285 1380 328; x_wconf 81' lang='lat' dir='ltr'>earumque</span> <span class='ocrx_word' id='word_1_8' title='bbox 1411 276 1528 314; x_wconf 83' lang='lat' dir='ltr'>motu</span> <span class='ocrx_word' id='word_1_9' title='bbox 1561 273 1764 329; x_wconf 82' lang='lat' dir='ltr'>explicari</span> 
     </span>
     <span class='ocr_line' id='line_1_3' title="bbox 146 350 1764 407; baseline 0 -15"><span class='ocrx_word' id='word_1_10' title='bbox 146 357 319 407; x_wconf 87' lang='lat' dir='ltr'>possunt</span> <span class='ocrx_word' id='word_1_11' title='bbox 360 356 402 392; x_wconf 88' lang='lat' dir='ltr'>et</span> <span class='ocrx_word' id='word_1_12' title='bbox 434 351 613 403; x_wconf 80' lang='lat' dir='ltr'>(lebent3</span> <span class='ocrx_word' id='word_1_13' title='bbox 661 350 821 391; x_wconf 82' lang='lat' dir='ltr'>nullam</span> <span class='ocrx_word' id='word_1_14' title='bbox 853 350 1024 391; x_wconf 90' lang='lat' dir='ltr'>deorum</span> <span class='ocrx_word' id='word_1_15' title='bbox 1056 356 1307 406; x_wconf 82' lang='lat' dir='ltr'>potestatem</span> <span class='ocrx_word' id='word_1_16' title='bbox 1338 351 1378 391; x_wconf 89' lang='lat' dir='ltr'>in</span> <span class='ocrx_word' id='word_1_17' title='bbox 1412 350 1489 392; x_wconf 80' lang='lat' dir='ltr'>hac</span> <span class='ocrx_word' id='word_1_18' title='bbox 1520 365 1660 392; x_wconf 87' lang='lat' dir='ltr'>rerum</span> <span class='ocrx_word' id='word_1_19' title='bbox 1693 366 1764 393; x_wconf 85' lang='lat' dir='ltr'>na-</span> 
     </span>
     <span class='ocr_line' id='line_1_4' title="bbox 147 427 1765 484; baseline 0.001 -15"><span class='ocrx_word' id='word_1_20' title='bbox 147 432 242 469; x_wconf 85' lang='lat' dir='ltr'>tura</span> <span class='ocrx_word' id='word_1_21' title='bbox 287 432 482 483; x_wconf 86' lang='lat' dir='ltr'>agentem</span> <span class='ocrx_word' id='word_1_22' title='bbox 530 428 733 468; x_wconf 87' lang='lat' dir='ltr'>videmus.</span> <span class='ocrx_word' id='word_1_23' title='bbox 795 427 906 468; x_wconf 83' lang='lat' dir='ltr'>Casu</span> <span class='ocrx_word' id='word_1_24' title='bbox 944 432 985 468; x_wconf 89' lang='lat' dir='ltr'>et</span> <span class='ocrx_word' id='word_1_25' title='bbox 1025 428 1194 469; x_wconf 87' lang='lat' dir='ltr'>fortuito</span> <span class='ocrx_word' id='word_1_26' title='bbox 1235 442 1309 483; x_wconf 87' lang='lat' dir='ltr'>per</span> <span class='ocrx_word' id='word_1_27' title='bbox 1345 433 1562 469; x_wconf 85' lang='lat' dir='ltr'>aeternum</span> <span class='ocrx_word' id='word_1_28' title='bbox 1599 433 1765 484; x_wconf 88' lang='lat' dir='ltr'>tempus</span> 
     </span>
     <span class='ocr_line' id='line_1_5' title="bbox 148 506 1764 562; baseline 0.001 -15"><span class='ocrx_word' id='word_1_29' title='bbox 148 510 242 562; x_wconf 91' lang='lat' dir='ltr'>post</span> <span class='ocrx_word' id='word_1_30' title='bbox 312 511 512 547; x_wconf 77' lang='lat' dir='ltr'>sexcenta</span> <span class='ocrx_word' id='word_1_31' title='bbox 576 506 692 546; x_wconf 81' lang='lat' dir='ltr'>milia</span> <span class='ocrx_word' id='word_1_32' title='bbox 752 510 986 546; x_wconf 85' lang='lat' dir='ltr'>atomorum</span> <span class='ocrx_word' id='word_1_33' title='bbox 1043 507 1382 562; x_wconf 76' lang='lat' dir='ltr'>complexionum</span> <span class='ocrx_word' id='word_1_34' title='bbox 1441 507 1610 548; x_wconf 83' lang='lat' dir='ltr'>tandem</span> <span class='ocrx_word' id='word_1_35' title='bbox 1660 507 1764 549; x_wconf 85' lang='lat' dir='ltr'>haee</span> 
     </span>
     <span class='ocr_line' id='line_1_6' title="bbox 148 571 1764 640; baseline 0.001 -16"><span class='ocrx_word' id='word_1_36' title='bbox 148 588 239 624; x_wconf 85' lang='lat' dir='ltr'>orta</span> <span class='ocrx_word' id='word_1_37' title='bbox 270 588 360 637; x_wconf 87' lang='lat' dir='ltr'>est,</span> <span class='ocrx_word' id='word_1_38' title='bbox 395 598 520 639; x_wconf 81' lang='lat' dir='ltr'>quam</span> <span class='ocrx_word' id='word_1_39' title='bbox 551 582 753 623; x_wconf 88' lang='lat' dir='ltr'>mundum</span> <span class='ocrx_word' id='word_1_40' title='bbox 784 597 993 624; x_wconf 75' lang='lat' dir='ltr'>vocamus.</span> <span class='ocrx_word' id='word_1_41' title='bbox 1054 584 1113 625; x_wconf 85' lang='lat' dir='ltr'>At</span> <span class='ocrx_word' id='word_1_42' title='bbox 1144 585 1254 640; x_wconf 89' lang='lat' dir='ltr'>quod</span> <span class='ocrx_word' id='word_1_43' title='bbox 1286 571 1414 626; x_wconf 88' lang='lat' dir='ltr'>semel</span> <span class='ocrx_word' id='word_1_44' title='bbox 1446 599 1527 625; x_wconf 90' lang='lat' dir='ltr'>uno</span> <span class='ocrx_word' id='word_1_45' title='bbox 1559 585 1650 626; x_wconf 86' lang='lat' dir='ltr'>loco</span> <span class='ocrx_word' id='word_1_46' title='bbox 1681 584 1764 626; x_wconf 82' lang='lat' dir='ltr'>fac-</span> 
     </span>
     <span class='ocr_line' id='line_1_7' title="bbox 148 661 1764 719; baseline 0.001 -17"><span class='ocrx_word' id='word_1_47' title='bbox 148 665 238 702; x_wconf 92' lang='lat' dir='ltr'>tum</span> <span class='ocrx_word' id='word_1_48' title='bbox 280 667 366 714; x_wconf 90' lang='lat' dir='ltr'>est,</span> <span class='ocrx_word' id='word_1_49' title='bbox 412 661 560 701; x_wconf 90' lang='lat' dir='ltr'>iisdem</span> <span class='ocrx_word' id='word_1_50' title='bbox 592 661 726 702; x_wconf 78' lang='lat' dir='ltr'>causis</span> <span class='ocrx_word' id='word_1_51' title='bbox 758 661 1007 715; x_wconf 78' lang='lat' dir='ltr'>agentibus,</span> <span class='ocrx_word' id='word_1_52' title='bbox 1054 662 1154 702; x_wconf 87' lang='lat' dir='ltr'>alibi</span> <span class='ocrx_word' id='word_1_53' title='bbox 1186 663 1278 703; x_wconf 82' lang='lat' dir='ltr'>aliis</span> <span class='ocrx_word' id='word_1_54' title='bbox 1309 663 1567 718; x_wconf 79' lang='lat' dir='ltr'>temporibus</span> <span class='ocrx_word' id='word_1_55' title='bbox 1599 676 1764 719; x_wconf 89' lang='lat' dir='ltr'>quoque</span> 
     </span>
     <span class='ocr_line' id='line_1_8' title="bbox 147 739 1764 795; baseline 0.001 -15"><span class='ocrx_word' id='word_1_56' title='bbox 147 739 232 781; x_wconf 89' lang='lat' dir='ltr'>fiet.</span> <span class='ocrx_word' id='word_1_57' title='bbox 293 740 402 781; x_wconf 84' lang='lat' dir='ltr'>Nam</span> <span class='ocrx_word' id='word_1_58' title='bbox 448 739 629 794; x_wconf 82' lang='lat' dir='ltr'>spatium</span> <span class='ocrx_word' id='word_1_59' title='bbox 672 743 734 780; x_wconf 84' lang='lat' dir='ltr'>est</span> <span class='ocrx_word' id='word_1_60' title='bbox 765 739 997 792; x_wconf 88' lang='lat' dir='ltr'>infinitum,</span> <span class='ocrx_word' id='word_1_61' title='bbox 1045 739 1197 780; x_wconf 86' lang='lat' dir='ltr'>diversi</span> <span class='ocrx_word' id='word_1_62' title='bbox 1229 741 1394 795; x_wconf 82' lang='lat' dir='ltr'>generis</span> <span class='ocrx_word' id='word_1_63' title='bbox 1427 750 1659 782; x_wconf 81' lang='lat' dir='ltr'>atomorum</span> <span class='ocrx_word' id='word_1_64' title='bbox 1689 755 1764 782; x_wconf 93' lang='lat' dir='ltr'>nu-</span> 
     </span>
     <span class='ocr_line' id='line_1_9' title="bbox 146 817 1764 873; baseline 0.001 -15"><span class='ocrx_word' id='word_1_65' title='bbox 146 831 286 858; x_wconf 87' lang='lat' dir='ltr'>merus</span> <span class='ocrx_word' id='word_1_66' title='bbox 318 831 482 873; x_wconf 91' lang='lat' dir='ltr'>quoque</span> <span class='ocrx_word' id='word_1_67' title='bbox 514 817 729 870; x_wconf 86' lang='lat' dir='ltr'>infinitus,</span> <span class='ocrx_word' id='word_1_68' title='bbox 772 822 910 857; x_wconf 88' lang='lat' dir='ltr'>motus</span> <span class='ocrx_word' id='word_1_69' title='bbox 940 822 1173 858; x_wconf 83' lang='lat' dir='ltr'>atomorum</span> <span class='ocrx_word' id='word_1_70' title='bbox 1211 823 1273 859; x_wconf 89' lang='lat' dir='ltr'>est</span> <span class='ocrx_word' id='word_1_71' title='bbox 1293 823 1480 859; x_wconf 83' lang='lat' dir='ltr'>aeterus:</span> <span class='ocrx_word' id='word_1_72' title='bbox 1514 832 1638 873; x_wconf 83' lang='lat' dir='ltr'>ergo,</span> <span class='ocrx_word' id='word_1_73' title='bbox 1670 833 1764 860; x_wconf 85' lang='lat' dir='ltr'>cum</span> 
     </span>
     <span class='ocr_line' id='line_1_10' title="bbox 147 894 1765 950; baseline 0.001 -14"><span class='ocrx_word' id='word_1_74' title='bbox 147 895 320 937; x_wconf 82' lang='lat' dir='ltr'>eaedem</span> <span class='ocrx_word' id='word_1_75' title='bbox 351 909 501 936; x_wconf 79' lang='lat' dir='ltr'>causae</span> <span class='ocrx_word' id='word_1_76' title='bbox 532 900 688 950; x_wconf 79' lang='lat' dir='ltr'>agant,</span> <span class='ocrx_word' id='word_1_77' title='bbox 720 909 804 936; x_wconf 91' lang='lat' dir='ltr'>non</span> <span class='ocrx_word' id='word_1_78' title='bbox 835 894 902 936; x_wconf 86' lang='lat' dir='ltr'>hic</span> <span class='ocrx_word' id='word_1_79' title='bbox 934 900 975 936; x_wconf 88' lang='lat' dir='ltr'>et</span> <span class='ocrx_word' id='word_1_80' title='bbox 1006 909 1115 936; x_wconf 86' lang='lat' dir='ltr'>nune</span> <span class='ocrx_word' id='word_1_81' title='bbox 1139 896 1272 936; x_wconf 88' lang='lat' dir='ltr'>solum</span> <span class='ocrx_word' id='word_1_82' title='bbox 1295 901 1357 937; x_wconf 90' lang='lat' dir='ltr'>est</span> <span class='ocrx_word' id='word_1_83' title='bbox 1378 897 1585 949; x_wconf 88' lang='lat' dir='ltr'>mundus,</span> <span class='ocrx_word' id='word_1_84' title='bbox 1617 910 1765 938; x_wconf 85' lang='lat' dir='ltr'>verum</span> 
     </span>
     <span class='ocr_line' id='line_1_11' title="bbox 145 973 1764 1029; baseline 0.001 -14"><span class='ocrx_word' id='word_1_85' title='bbox 145 974 244 1015; x_wconf 84' lang='lat' dir='ltr'>alibi</span> <span class='ocrx_word' id='word_1_86' title='bbox 286 979 327 1015; x_wconf 93' lang='lat' dir='ltr'>et</span> <span class='ocrx_word' id='word_1_87' title='bbox 367 974 459 1015; x_wconf 72' lang='lat' dir='ltr'>aliis</span> <span class='ocrx_word' id='word_1_88' title='bbox 490 974 749 1029; x_wconf 77' lang='lat' dir='ltr'>temporibus</span> <span class='ocrx_word' id='word_1_89' title='bbox 780 987 945 1029; x_wconf 90' lang='lat' dir='ltr'>quoque</span> <span class='ocrx_word' id='word_1_90' title='bbox 976 973 1175 1027; x_wconf 85' lang='lat' dir='ltr'>fuerunt,</span> <span class='ocrx_word' id='word_1_91' title='bbox 1209 980 1334 1028; x_wconf 88' lang='lat' dir='ltr'>sunt,</span> <span class='ocrx_word' id='word_1_92' title='bbox 1367 984 1489 1016; x_wconf 88' lang='lat' dir='ltr'>erunt</span> <span class='ocrx_word' id='word_1_93' title='bbox 1521 975 1690 1028; x_wconf 87' lang='lat' dir='ltr'>mundi,</span> <span class='ocrx_word' id='word_1_94' title='bbox 1722 974 1764 1015; x_wconf 87' lang='lat' dir='ltr'>id</span> 
     </span>
     <span class='ocr_line' id='line_1_12' title="bbox 145 1051 1764 1108; baseline 0 -15"><span class='ocrx_word' id='word_1_95' title='bbox 145 1056 208 1093; x_wconf 85' lang='lat' dir='ltr'>est</span> <span class='ocrx_word' id='word_1_96' title='bbox 247 1065 493 1106; x_wconf 84' lang='lat' dir='ltr'>congressus</span> <span class='ocrx_word' id='word_1_97' title='bbox 544 1057 800 1104; x_wconf 83' lang='lat' dir='ltr'>atomorum,</span> <span class='ocrx_word' id='word_1_98' title='bbox 847 1052 917 1106; x_wconf 89' lang='lat' dir='ltr'>qui</span> <span class='ocrx_word' id='word_1_99' title='bbox 949 1051 1172 1107; x_wconf 78' lang='lat' dir='ltr'>aliquando</span> <span class='ocrx_word' id='word_1_100' title='bbox 1206 1052 1474 1105; x_wconf 82' lang='lat' dir='ltr'>oriebantur,</span> <span class='ocrx_word' id='word_1_101' title='bbox 1507 1053 1764 1108; x_wconf 83' lang='lat' dir='ltr'>aliquamdiu</span> 
     </span>
     <span class='ocr_line' id='line_1_13' title="bbox 145 1129 1185 1185; baseline -0.001 -15"><span class='ocrx_word' id='word_1_102' title='bbox 145 1129 319 1183; x_wconf 81' lang='lat' dir='ltr'>durant,</span> <span class='ocrx_word' id='word_1_103' title='bbox 353 1129 532 1185; x_wconf 87' lang='lat' dir='ltr'>denique</span> <span class='ocrx_word' id='word_1_104' title='bbox 566 1129 853 1169; x_wconf 86' lang='lat' dir='ltr'>dissolvuntur</span> <span class='ocrx_word' id='word_1_105' title='bbox 886 1134 927 1170; x_wconf 86' lang='lat' dir='ltr'>et</span> <span class='ocrx_word' id='word_1_106' title='bbox 957 1129 1185 1170; x_wconf 87' lang='lat' dir='ltr'>intereunt.</span> 
     </span>
    </p>

    <p class='ocr_par' dir='ltr' id='par_1_3' title="bbox 140 1206 1766 2429">
     <span class='ocr_line' id='line_1_14' title="bbox 202 1206 1764 1260; baseline -0.001 -11"><span class='ocrx_word' id='word_1_107' title='bbox 202 1207 287 1249; x_wconf 84' lang='lat' dir='ltr'>Cur</span> <span class='ocrx_word' id='word_1_108' title='bbox 335 1207 461 1247; x_wconf 83' lang='lat' dir='ltr'>etiam</span> <span class='ocrx_word' id='word_1_109' title='bbox 504 1206 726 1248; x_wconf 86' lang='lat' dir='ltr'>discrimen</span> <span class='ocrx_word' id='word_1_110' title='bbox 758 1212 867 1247; x_wconf 87' lang='lat' dir='ltr'>esset</span> <span class='ocrx_word' id='word_1_111' title='bbox 897 1207 1008 1247; x_wconf 86' lang='lat' dir='ltr'>inter</span> <span class='ocrx_word' id='word_1_112' title='bbox 1038 1206 1216 1247; x_wconf 83' lang='lat' dir='ltr'>mundos</span> <span class='ocrx_word' id='word_1_113' title='bbox 1248 1211 1290 1247; x_wconf 91' lang='lat' dir='ltr'>et</span> <span class='ocrx_word' id='word_1_114' title='bbox 1321 1207 1423 1248; x_wconf 81' lang='lat' dir='ltr'>alias</span> <span class='ocrx_word' id='word_1_115' title='bbox 1454 1207 1634 1248; x_wconf 82' lang='lat' dir='ltr'>minores</span> <span class='ocrx_word' id='word_1_116' title='bbox 1671 1221 1764 1260; x_wconf 88' lang='lat' dir='ltr'>res,</span> 
     </span>
     <span class='ocr_line' id='line_1_15' title="bbox 144 1284 1764 1341; baseline 0 -15"><span class='ocrx_word' id='word_1_117' title='bbox 144 1300 246 1341; x_wconf 82' lang='lat' dir='ltr'>quas</span> <span class='ocrx_word' id='word_1_118' title='bbox 297 1285 488 1326; x_wconf 85' lang='lat' dir='ltr'>similiter</span> <span class='ocrx_word' id='word_1_119' title='bbox 533 1284 790 1340; x_wconf 80' lang='lat' dir='ltr'>multiplices</span> <span class='ocrx_word' id='word_1_120' title='bbox 843 1298 956 1337; x_wconf 86' lang='lat' dir='ltr'>esse,</span> <span class='ocrx_word' id='word_1_121' title='bbox 991 1285 1110 1338; x_wconf 85' lang='lat' dir='ltr'>oriri,</span> <span class='ocrx_word' id='word_1_122' title='bbox 1144 1299 1256 1338; x_wconf 86' lang='lat' dir='ltr'>esse,</span> <span class='ocrx_word' id='word_1_123' title='bbox 1298 1285 1469 1326; x_wconf 87' lang='lat' dir='ltr'>interire</span> <span class='ocrx_word' id='word_1_124' title='bbox 1511 1285 1702 1326; x_wconf 84' lang='lat' dir='ltr'>videmus</span> <span class='ocrx_word' id='word_1_125' title='bbox 1726 1285 1764 1339; x_wconf 88' lang='lat'>¹).</span> 
     </span>
     <span class='ocr_line' id='line_1_16' title="bbox 143 1362 1766 1419; baseline 0 -15"><span class='ocrx_word' id='word_1_126' title='bbox 143 1364 263 1405; x_wconf 79' lang='lat' dir='ltr'>Haec</span> <span class='ocrx_word' id='word_1_127' title='bbox 312 1363 345 1404; x_wconf 87' lang='lat' dir='ltr'>si</span> <span class='ocrx_word' id='word_1_128' title='bbox 378 1377 601 1419; x_wconf 90' lang='lat' dir='ltr'>compones</span> <span class='ocrx_word' id='word_1_129' title='bbox 633 1377 729 1403; x_wconf 82' lang='lat' dir='ltr'>cum</span> <span class='ocrx_word' id='word_1_130' title='bbox 762 1363 937 1418; x_wconf 88' lang='lat' dir='ltr'>Epicuri</span> <span class='ocrx_word' id='word_1_131' title='bbox 970 1363 1108 1404; x_wconf 81' lang='lat' dir='ltr'>verbis</span> <span class='ocrx_word' id='word_1_132' title='bbox 1139 1363 1190 1404; x_wconf 91' lang='lat' dir='ltr'>D.</span> <span class='ocrx_word' id='word_1_133' title='bbox 1224 1364 1272 1404; x_wconf 91' lang='lat' dir='ltr'>L.</span> <span class='ocrx_word' id='word_1_134' title='bbox 1306 1363 1360 1404; x_wconf 89' lang='lat' dir='ltr'>X.</span> <span class='ocrx_word' id='word_1_135' title='bbox 1395 1364 1461 1416; x_wconf 79' lang='lat'>89,</span> <span class='ocrx_word' id='word_1_136' title='bbox 1493 1363 1654 1405; x_wconf 75' lang='lat' dir='ltr'>videbis</span> <span class='ocrx_word' id='word_1_137' title='bbox 1685 1362 1766 1404; x_wconf 91' lang='lat' dir='ltr'>Lu-</span> 
     </span>
     <span class='ocr_line' id='line_1_17' title="bbox 143 1441 1762 1497; baseline -0.002 -14"><span class='ocrx_word' id='word_1_138' title='bbox 143 1442 319 1483; x_wconf 84' lang='lat' dir='ltr'>cretium</span> <span class='ocrx_word' id='word_1_139' title='bbox 349 1441 456 1483; x_wconf 78' lang='lat' dir='ltr'>hanc</span> <span class='ocrx_word' id='word_1_140' title='bbox 489 1441 721 1482; x_wconf 75' lang='lat' dir='ltr'>doctrina-m</span> <span class='ocrx_word' id='word_1_141' title='bbox 747 1442 885 1482; x_wconf 88' lang='lat' dir='ltr'>minus</span> <span class='ocrx_word' id='word_1_142' title='bbox 910 1442 1075 1497; x_wconf 83' lang='lat' dir='ltr'>copiose</span> <span class='ocrx_word' id='word_1_143' title='bbox 1098 1442 1343 1497; x_wconf 78' lang='lat' dir='ltr'>exposuisse</span> <span class='ocrx_word' id='word_1_144' title='bbox 1365 1456 1489 1497; x_wconf 81' lang='lat' dir='ltr'>quam</span> <span class='ocrx_word' id='word_1_145' title='bbox 1511 1441 1762 1496; x_wconf 88' lang='lat' dir='ltr'>Epicurum:</span> 
     </span>
     <span class='ocr_line' id='line_1_18' title="bbox 144 1518 1764 1575; baseline 0.001 -15"><span class='ocrx_word' id='word_1_146' title='bbox 144 1522 204 1561; x_wconf 83' lang='grc' dir='ltr'>ὅτι</span> <span class='ocrx_word' id='word_1_147' title='bbox 237 1518 277 1562; x_wconf 70' lang='grc' dir='ltr'>δὲ</span> <span class='ocrx_word' id='word_1_148' title='bbox 310 1524 371 1562; x_wconf 74' lang='grc' dir='ltr'>καὶ</span> <span class='ocrx_word' id='word_1_149' title='bbox 404 1525 584 1562; x_wconf 83' lang='grc' dir='ltr'>τοιοῦτοι</span> <span class='ocrx_word' id='word_1_150' title='bbox 621 1521 767 1572; x_wconf 84' lang='grc' dir='ltr'>κόσμοι</span> <span class='ocrx_word' id='word_1_151' title='bbox 800 1522 902 1562; x_wconf 72' lang='grc' dir='ltr'>εἰσὶν</span> <span class='ocrx_word' id='word_1_152' title='bbox 936 1520 1091 1574; x_wconf 75' lang='grc' dir='ltr'>ι’ἶπειροι</span> <span class='ocrx_word' id='word_1_153' title='bbox 1123 1522 1169 1562; x_wconf 84' lang='grc' dir='ltr'>τὸ</span> <span class='ocrx_word' id='word_1_154' title='bbox 1191 1520 1358 1569; x_wconf 61' lang='grc' dir='ltr'>πλῆθος</span> <span class='ocrx_word' id='word_1_155' title='bbox 1380 1521 1462 1562; x_wconf 72' lang='grc' dir='ltr'>ἔστι</span> <span class='ocrx_word' id='word_1_156' title='bbox 1486 1518 1764 1575; x_wconf 70' lang='grc' dir='ltr'>καταλαβεῖν,</span> 
     </span>
     <span class='ocr_line' id='line_1_19' title="bbox 142 1595 1763 1652; baseline 0 -14"><span class='ocrx_word' id='word_1_157' title='bbox 142 1601 205 1639; x_wconf 85' lang='grc' dir='ltr'>καὶ</span> <span class='ocrx_word' id='word_1_158' title='bbox 254 1599 315 1639; x_wconf 83' lang='grc' dir='ltr'>ὅτι</span> <span class='ocrx_word' id='word_1_159' title='bbox 361 1599 383 1638; x_wconf 84' lang='grc' dir='ltr'>ὁ</span> <span class='ocrx_word' id='word_1_160' title='bbox 426 1603 616 1645; x_wconf 77' lang='grc' dir='ltr'>τοιοῦτος</span> <span class='ocrx_word' id='word_1_161' title='bbox 664 1595 834 1639; x_wconf 69' lang='grc' dir='ltr'>δύναται</span> <span class='ocrx_word' id='word_1_162' title='bbox 882 1598 1039 1649; x_wconf 83' lang='grc' dir='ltr'>κόσμος</span> <span class='ocrx_word' id='word_1_163' title='bbox 1085 1600 1275 1652; x_wconf 67' lang='grc' dir='ltr'>’γίνεσὲῑαι</span> <span class='ocrx_word' id='word_1_164' title='bbox 1313 1600 1374 1639; x_wconf 76' lang='grc' dir='ltr'>καὶ</span> <span class='ocrx_word' id='word_1_165' title='bbox 1408 1599 1450 1639; x_wconf 79' lang='grc' dir='ltr'>ἐν</span> <span class='ocrx_word' id='word_1_166' title='bbox 1480 1600 1763 1652; x_wconf 72' lang='grc' dir='ltr'>μετακοσμίῳ,</span> 
     </span>
     <span class='ocr_line' id='line_1_20' title="bbox 144 1673 1764 1730; baseline -0.001 -14"><span class='ocrx_word' id='word_1_167' title='bbox 144 1675 166 1716; x_wconf 83' lang='grc' dir='ltr'>ὃ</span> <span class='ocrx_word' id='word_1_168' title='bbox 213 1674 390 1730; x_wconf 81' lang='grc' dir='ltr'>λέγομεν</span> <span class='ocrx_word' id='word_1_169' title='bbox 436 1673 584 1727; x_wconf 70' lang='grc' dir='ltr'>μεταξὺ</span> <span class='ocrx_word' id='word_1_170' title='bbox 632 1675 798 1727; x_wconf 86' lang='grc' dir='ltr'>κόσμων</span> <span class='ocrx_word' id='word_1_171' title='bbox 845 1673 1070 1727; x_wconf 70' lang='grc' dir='ltr'>διάστημα,</span> <span class='ocrx_word' id='word_1_172' title='bbox 1104 1678 1166 1716; x_wconf 80' lang='grc' dir='ltr'>καὶ</span> <span class='ocrx_word' id='word_1_173' title='bbox 1200 1679 1242 1717; x_wconf 76' lang='grc' dir='ltr'>ἐν</span> <span class='ocrx_word' id='word_1_174' title='bbox 1281 1674 1497 1730; x_wconf 75' lang='grc' dir='ltr'>πολυκένῳ</span> <span class='ocrx_word' id='word_1_175' title='bbox 1528 1676 1642 1730; x_wconf 76' lang='grc' dir='ltr'>τόπῳ</span> <span class='ocrx_word' id='word_1_176' title='bbox 1675 1674 1764 1728; x_wconf 89' lang='lat' dir='ltr'>(ubi</span> 
     </span>
     <span class='ocr_line' id='line_1_21' title="bbox 141 1752 1763 1808; baseline 0 -15"><span class='ocrx_word' id='word_1_177' title='bbox 141 1753 269 1793; x_wconf 84' lang='lat' dir='ltr'>atomi</span> <span class='ocrx_word' id='word_1_178' title='bbox 300 1767 385 1793; x_wconf 90' lang='lat' dir='ltr'>non</span> <span class='ocrx_word' id='word_1_179' title='bbox 418 1757 515 1793; x_wconf 88' lang='lat' dir='ltr'>sunt</span> <span class='ocrx_word' id='word_1_180' title='bbox 550 1766 837 1807; x_wconf 79' lang='lat' dir='ltr'>compressae,</span> <span class='ocrx_word' id='word_1_181' title='bbox 870 1752 929 1792; x_wconf 70' lang='lat' dir='ltr'>ita</span> <span class='ocrx_word' id='word_1_182' title='bbox 959 1759 1006 1793; x_wconf 88' lang='lat' dir='ltr'>ut</span> <span class='ocrx_word' id='word_1_183' title='bbox 1041 1753 1174 1794; x_wconf 81' lang='lat' dir='ltr'>multa</span> <span class='ocrx_word' id='word_1_184' title='bbox 1210 1753 1300 1794; x_wconf 82' lang='lat' dir='ltr'>loca</span> <span class='ocrx_word' id='word_1_185' title='bbox 1339 1753 1481 1793; x_wconf 74' lang='lat' dir='ltr'>inania</span> <span class='ocrx_word' id='word_1_186' title='bbox 1498 1753 1763 1808; x_wconf 82' lang='lat' dir='ltr'>relinquant3</span> 
     </span>
     <span class='ocr_line' id='line_1_22' title="bbox 142 1830 1762 1887; baseline 0.001 -15"><span class='ocrx_word' id='word_1_187' title='bbox 142 1831 402 1872; x_wconf 77' lang='lat' dir='ltr'>coniecturas</span> <span class='ocrx_word' id='word_1_188' title='bbox 445 1830 650 1871; x_wconf 83' lang='lat' dir='ltr'>Gassendi</span> <span class='ocrx_word' id='word_1_189' title='bbox 700 1835 867 1871; x_wconf 83' lang='lat' dir='ltr'>secutus</span> <span class='ocrx_word' id='word_1_190' title='bbox 909 1845 1025 1871; x_wconf 87' lang='lat' dir='ltr'>sum:</span> <span class='ocrx_word' id='word_1_191' title='bbox 1074 1830 1171 1886; x_wconf 50' lang='lat' dir='ltr'>cod„</span> <span class='ocrx_word' id='word_1_192' title='bbox 1207 1830 1324 1872; x_wconf 87' lang='lat' dir='ltr'>Leid.</span> <span class='ocrx_word' id='word_1_193' title='bbox 1359 1835 1420 1873; x_wconf 77' lang='grc' dir='ltr'>καὶ</span> <span class='ocrx_word' id='word_1_194' title='bbox 1456 1833 1497 1872; x_wconf 80' lang='grc' dir='ltr'>ἐν</span> <span class='ocrx_word' id='word_1_195' title='bbox 1529 1833 1668 1887; x_wconf 78' lang='grc' dir='ltr'>κόσμῳ</span> <span class='ocrx_word' id='word_1_196' title='bbox 1700 1833 1762 1873; x_wconf 87' lang='grc' dir='ltr'>καὶ</span> 
     </span>
     <span class='ocr_line' id='line_1_23' title="bbox 140 1907 1763 1965; baseline -0.001 -15"><span class='ocrx_word' id='word_1_197' title='bbox 140 1927 262 1961; x_wconf 79' lang='grc' dir='ltr'>μετακ</span> <span class='ocrx_word' id='word_1_198' title='bbox 295 1941 303 1949; x_wconf 94' lang='grc'><strong>.</strong></span> <span class='ocrx_word' id='word_1_199' title='bbox 328 1941 335 1949; x_wconf 92' lang='grc'><strong>.</strong></span> <span class='ocrx_word' id='word_1_200' title='bbox 361 1942 368 1949; x_wconf 95' lang='grc'>.</span> <span class='ocrx_word' id='word_1_201' title='bbox 394 1942 400 1949; x_wconf 98' lang='grc'><em>.</em></span> <span class='ocrx_word' id='word_1_202' title='bbox 435 1911 476 1951; x_wconf 80' lang='grc' dir='ltr'>ἐν</span> <span class='ocrx_word' id='word_1_203' title='bbox 508 1908 677 1961; x_wconf 87' lang='grc' dir='ltr'>πολυκ.)</span> <span class='ocrx_word' id='word_1_204' title='bbox 707 1912 769 1950; x_wconf 77' lang='grc' dir='ltr'>καὶ</span> <span class='ocrx_word' id='word_1_205' title='bbox 804 1909 878 1950; x_wconf 76' lang='grc' dir='ltr'>οὐκ</span> <span class='ocrx_word' id='word_1_206' title='bbox 910 1910 951 1950; x_wconf 75' lang='grc' dir='ltr'>ἐν</span> <span class='ocrx_word' id='word_1_207' title='bbox 983 1907 1151 1964; x_wconf 78' lang='grc' dir='ltr'>μεγάλῳ</span> <span class='ocrx_word' id='word_1_208' title='bbox 1171 1909 1375 1964; x_wconf 78' lang='grc' dir='ltr'>εἰλικρινεῖ</span> <span class='ocrx_word' id='word_1_209' title='bbox 1398 1913 1459 1951; x_wconf 77' lang='grc' dir='ltr'>καὶ</span> <span class='ocrx_word' id='word_1_210' title='bbox 1482 1912 1582 1965; x_wconf 66' lang='grc' dir='ltr'>κενῷ</span> <span class='ocrx_word' id='word_1_211' title='bbox 1603 1909 1763 1960; x_wconf 73' lang='lat' dir='ltr'>(lectio-</span> 
     </span>
     <span class='ocr_line' id='line_1_24' title="bbox 141 1985 1763 2042; baseline 0.001 -16"><span class='ocrx_word' id='word_1_212' title='bbox 141 2000 238 2026; x_wconf 89' lang='lat' dir='ltr'>nem</span> <span class='ocrx_word' id='word_1_213' title='bbox 269 1986 458 2027; x_wconf 79' lang='lat' dir='ltr'>codicum</span> <span class='ocrx_word' id='word_1_214' title='bbox 491 1985 690 2039; x_wconf 78' lang='lat' dir='ltr'>defendo3</span> <span class='ocrx_word' id='word_1_215' title='bbox 724 1986 793 2026; x_wconf 82' lang='lat' dir='ltr'>alii</span> <span class='ocrx_word' id='word_1_216' title='bbox 828 1985 982 2042; x_wconf 55' lang='lat' dir='ltr'>dae&#39;my:</span> <span class='ocrx_word' id='word_1_217' title='bbox 1018 2000 1101 2026; x_wconf 89' lang='grc'><strong>11011</strong></span> <span class='ocrx_word' id='word_1_218' title='bbox 1126 1986 1248 2027; x_wconf 83' lang='lat' dir='ltr'>credo</span> <span class='ocrx_word' id='word_1_219' title='bbox 1272 2000 1366 2026; x_wconf 86' lang='lat' dir='ltr'>cum</span> <span class='ocrx_word' id='word_1_220' title='bbox 1386 1986 1557 2041; x_wconf 86' lang='lat' dir='ltr'>Epicuri</span> <span class='ocrx_word' id='word_1_221' title='bbox 1576 1986 1763 2028; x_wconf 83' lang='lat' dir='ltr'>doctrina</span> 
     </span>
     <span class='ocr_line' id='line_1_25' title="bbox 142 2064 1762 2119; baseline 0 -15"><span class='ocrx_word' id='word_1_222' title='bbox 142 2064 346 2105; x_wconf 86' lang='lat' dir='ltr'>eiusmodi</span> <span class='ocrx_word' id='word_1_223' title='bbox 374 2078 528 2118; x_wconf 78' lang='lat' dir='ltr'>magna</span> <span class='ocrx_word' id='word_1_224' title='bbox 560 2064 650 2105; x_wconf 74' lang='lat' dir='ltr'>loca</span> <span class='ocrx_word' id='word_1_225' title='bbox 681 2064 823 2104; x_wconf 77' lang='lat' dir='ltr'>inania</span> <span class='ocrx_word' id='word_1_226' title='bbox 854 2064 1104 2104; x_wconf 73' lang='lat' dir='ltr'>convenire:</span> <span class='ocrx_word' id='word_1_227' title='bbox 1140 2069 1343 2119; x_wconf 83' lang='lat' dir='ltr'>perpetuo</span> <span class='ocrx_word' id='word_1_228' title='bbox 1371 2065 1497 2105; x_wconf 82' lang='lat' dir='ltr'>atomi</span> <span class='ocrx_word' id='word_1_229' title='bbox 1521 2070 1561 2105; x_wconf 89' lang='lat' dir='ltr'>et</span> <span class='ocrx_word' id='word_1_230' title='bbox 1583 2078 1762 2106; x_wconf 81' lang='lat' dir='ltr'>vacuum</span> 
     </span>
     <span class='ocr_line' id='line_1_26' title="bbox 141 2140 1763 2196; baseline 0.001 -15"><span class='ocrx_word' id='word_1_231' title='bbox 141 2141 371 2182; x_wconf 76' lang='lat' dir='ltr'>alternant:</span> <span class='ocrx_word' id='word_1_232' title='bbox 415 2141 532 2195; x_wconf 79' lang='lat' dir='ltr'>largo</span> <span class='ocrx_word' id='word_1_233' title='bbox 564 2140 636 2182; x_wconf 93' lang='lat' dir='ltr'>illo</span> <span class='ocrx_word' id='word_1_234' title='bbox 668 2146 903 2182; x_wconf 81' lang='lat' dir='ltr'>atomorum</span> <span class='ocrx_word' id='word_1_235' title='bbox 934 2141 1061 2181; x_wconf 83' lang='lat' dir='ltr'>fluvio</span> <span class='ocrx_word' id='word_1_236' title='bbox 1095 2141 1268 2182; x_wconf 77' lang='lat' dir='ltr'>cadente</span> <span class='ocrx_word' id='word_1_237' title='bbox 1300 2142 1392 2182; x_wconf 76' lang='lat' dir='ltr'>loca</span> <span class='ocrx_word' id='word_1_238' title='bbox 1430 2155 1583 2196; x_wconf 71' lang='lat' dir='ltr'>magna</span> <span class='ocrx_word' id='word_1_239' title='bbox 1619 2142 1763 2183; x_wconf 79' lang='lat' dir='ltr'>inania</span> 
     </span>
     <span class='ocr_line' id='line_1_27' title="bbox 141 2217 1761 2274; baseline 0.002 -16"><span class='ocrx_word' id='word_1_240' title='bbox 141 2217 305 2259; x_wconf 78' lang='lat' dir='ltr'>admitti</span> <span class='ocrx_word' id='word_1_241' title='bbox 362 2232 446 2259; x_wconf 88' lang='lat' dir='ltr'>non</span> <span class='ocrx_word' id='word_1_242' title='bbox 504 2223 704 2273; x_wconf 82' lang='lat' dir='ltr'>possunt:</span> <span class='ocrx_word' id='word_1_243' title='bbox 754 2219 910 2274; x_wconf 87' lang='lat' dir='ltr'>ubique</span> <span class='ocrx_word' id='word_1_244' title='bbox 957 2224 1052 2259; x_wconf 87' lang='lat' dir='ltr'>sunt</span> <span class='ocrx_word' id='word_1_245' title='bbox 1098 2220 1225 2260; x_wconf 76' lang='lat' dir='ltr'>atomi</span> <span class='ocrx_word' id='word_1_246' title='bbox 1272 2225 1313 2260; x_wconf 86' lang='lat' dir='ltr'>et</span> <span class='ocrx_word' id='word_1_247' title='bbox 1360 2235 1566 2274; x_wconf 73' lang='lat' dir='ltr'>vacuum,</span> <span class='ocrx_word' id='word_1_248' title='bbox 1614 2220 1662 2262; x_wconf 85' lang='lat' dir='ltr'>cf.</span> <span class='ocrx_word' id='word_1_249' title='bbox 1712 2221 1761 2274; x_wconf 91' lang='lat' dir='ltr'>I,</span> 
     </span>
     <span class='ocr_line' id='line_1_28' title="bbox 141 2295 1763 2355; baseline 0.003 -19"><span class='ocrx_word' id='word_1_250' title='bbox 141 2308 200 2336; x_wconf 88' lang='lat' dir='ltr'>VS.</span> <span class='ocrx_word' id='word_1_251' title='bbox 252 2296 359 2337; x_wconf 81' lang='grc'><strong>1008</strong></span> <span class='ocrx_word' id='word_1_252' title='bbox 402 2297 561 2351; x_wconf 61' lang='lat' dir='ltr'>seqq),</span> <span class='ocrx_word' id='word_1_253' title='bbox 609 2295 792 2352; x_wconf 59' lang='grc' dir='ltr'>καθάπερ</span> <span class='ocrx_word' id='word_1_254' title='bbox 839 2300 945 2345; x_wconf 80' lang='grc' dir='ltr'>τινές</span> <span class='ocrx_word' id='word_1_255' title='bbox 977 2309 1123 2353; x_wconf 88' lang='grc' dir='ltr'>φασιν,</span> <span class='ocrx_word' id='word_1_256' title='bbox 1166 2296 1399 2347; x_wconf 67' lang='grc' dir='ltr'>ἐπιτηδείων</span> <span class='ocrx_word' id='word_1_257' title='bbox 1431 2302 1558 2340; x_wconf 81' lang='grc' dir='ltr'>τινῶν</span> <span class='ocrx_word' id='word_1_258' title='bbox 1589 2298 1763 2355; x_wconf 71' lang='grc' dir='ltr'>σπερμά-</span> 
     </span>
     <span class='ocr_line' id='line_1_29' title="bbox 140 2371 1761 2429; baseline 0.002 -15"><span class='ocrx_word' id='word_1_259' title='bbox 140 2391 224 2414; x_wconf 85' lang='grc' dir='ltr'>των</span> <span class='ocrx_word' id='word_1_260' title='bbox 253 2371 437 2428; x_wconf 82' lang='grc' dir='ltr'>ῥυέντων</span> <span class='ocrx_word' id='word_1_261' title='bbox 468 2373 537 2428; x_wconf 80' lang='grc' dir='ltr'>ἀφ’</span> <span class='ocrx_word' id='word_1_262' title='bbox 570 2374 663 2421; x_wconf 80' lang='grc' dir='ltr'>ἑνὸς</span> <span class='ocrx_word' id='word_1_263' title='bbox 695 2374 852 2426; x_wconf 86' lang='grc' dir='ltr'>κόσμου</span> <span class='ocrx_word' id='word_1_264' title='bbox 884 2373 1022 2427; x_wconf 84' lang='lat' dir='ltr'>(Lucr.</span> <span class='ocrx_word' id='word_1_265' title='bbox 1055 2374 1088 2415; x_wconf 88' lang='lat' dir='ltr'>I.</span> <span class='ocrx_word' id='word_1_266' title='bbox 1127 2375 1247 2427; x_wconf 74' lang='lat'>1042)</span> <span class='ocrx_word' id='word_1_267' title='bbox 1281 2374 1303 2423; x_wconf 80' lang='grc' dir='ltr'>ἢ</span> <span class='ocrx_word' id='word_1_268' title='bbox 1333 2378 1606 2429; x_wconf 82' lang='grc' dir='ltr'>μετακοσμίου</span> <span class='ocrx_word' id='word_1_269' title='bbox 1643 2375 1667 2424; x_wconf 81' lang='grc' dir='ltr'>ἢ</span> <span class='ocrx_word' id='word_1_270' title='bbox 1699 2378 1761 2418; x_wconf 83' lang='grc' dir='ltr'>καὶ</span> 
     </span>
    </p>
   </div>
   <div class='ocr_carea' id='block_1_3' title="bbox 141 2449 1760 2509">
    <p class='ocr_par' dir='ltr' id='par_1_4' title="bbox 141 2449 1760 2509">
     <span class='ocr_line' id='line_1_30' title="bbox 141 2449 1760 2509; baseline 0.002 -17"><span class='ocrx_word' id='word_1_271' title='bbox 141 2451 224 2492; x_wconf 83' lang='grc' dir='ltr'>ἀπὸ</span> <span class='ocrx_word' id='word_1_272' title='bbox 275 2450 484 2493; x_wconf 77' lang='grc' dir='ltr'>πλείονων</span> <span class='ocrx_word' id='word_1_273' title='bbox 535 2449 634 2493; x_wconf 73' lang='grc' dir='ltr'>κατᾶ</span> <span class='ocrx_word' id='word_1_274' title='bbox 682 2453 829 2507; x_wconf 79' lang='grc' dir='ltr'>μικρὸν</span> <span class='ocrx_word' id='word_1_275' title='bbox 875 2454 1119 2508; x_wconf 64' lang='grc' dir='ltr'>προς-θέσεις</span> <span class='ocrx_word' id='word_1_276' title='bbox 1165 2471 1205 2494; x_wconf 84' lang='grc' dir='ltr'>τε</span> <span class='ocrx_word' id='word_1_277' title='bbox 1262 2456 1324 2495; x_wconf 86' lang='grc' dir='ltr'>καὶ</span> <span class='ocrx_word' id='word_1_278' title='bbox 1368 2450 1639 2509; x_wconf 57' lang='grc' dir='ltr'>διαρθρώσεις</span> <span class='ocrx_word' id='word_1_279' title='bbox 1681 2456 1760 2504; x_wconf 84' lang='grc' dir='ltr'>(καὶ</span> 
     </span>
    </p>
   </div>
   <div class='ocr_carea' id='block_1_4' title="bbox 145 2570 364 2576">
    <p class='ocr_par' dir='ltr' id='par_1_5' title="bbox 145 2570 364 2576">
     <span class='ocr_line' id='line_1_31' title="bbox 145 2570 364 2576; baseline 0 0"><span class='ocrx_word' id='word_1_280' title='bbox 145 2570 364 2576; x_wconf 95' lang='lat' dir='ltr'> </span> 
     </span>
    </p>
   </div>
   <div class='ocr_carea' id='block_1_5' title="bbox 141 2633 1761 2993">
    <p class='ocr_par' dir='ltr' id='par_1_6' title="bbox 141 2633 1761 2993">
     <span class='ocr_line' id='line_1_32' title="bbox 186 2633 1761 2677; baseline 0.002 -13"><span class='ocrx_word' id='word_1_281' title='bbox 186 2633 206 2670; x_wconf 89' lang='lat'>¹)</span> <span class='ocrx_word' id='word_1_282' title='bbox 254 2633 349 2665; x_wconf 87' lang='lat' dir='ltr'>Lucr.</span> <span class='ocrx_word' id='word_1_283' title='bbox 374 2633 410 2671; x_wconf 89' lang='grc' dir='ltr'>Ι,</span> <span class='ocrx_word' id='word_1_284' title='bbox 438 2635 516 2664; x_wconf 87' lang='grc'><strong>1021</strong></span> <span class='ocrx_word' id='word_1_285' title='bbox 542 2644 629 2675; x_wconf 87' lang='lat' dir='ltr'>seqq.</span> <span class='ocrx_word' id='word_1_286' title='bbox 656 2634 716 2673; x_wconf 91' lang='lat' dir='ltr'>II,</span> <span class='ocrx_word' id='word_1_287' title='bbox 745 2636 824 2666; x_wconf 83' lang='lat'>1048</span> <span class='ocrx_word' id='word_1_288' title='bbox 848 2645 935 2676; x_wconf 85' lang='lat' dir='ltr'>seqq.</span> <span class='ocrx_word' id='word_1_289' title='bbox 962 2634 1011 2667; x_wconf 82' lang='lat' dir='ltr'>Cf.</span> <span class='ocrx_word' id='word_1_290' title='bbox 1038 2634 1080 2668; x_wconf 92' lang='lat' dir='ltr'>D.</span> <span class='ocrx_word' id='word_1_291' title='bbox 1106 2634 1140 2667; x_wconf 94' lang='lat' dir='ltr'>L.</span> <span class='ocrx_word' id='word_1_292' title='bbox 1165 2635 1218 2673; x_wconf 91' lang='lat' dir='ltr'>X,</span> <span class='ocrx_word' id='word_1_293' title='bbox 1244 2637 1283 2667; x_wconf 83' lang='lat'>45</span> <span class='ocrx_word' id='word_1_294' title='bbox 1301 2660 1309 2674; x_wconf 89' lang='lat'>‚</span> <span class='ocrx_word' id='word_1_295' title='bbox 1328 2646 1409 2677; x_wconf 82' lang='lat' dir='ltr'>quae</span> <span class='ocrx_word' id='word_1_296' title='bbox 1426 2635 1524 2667; x_wconf 83' lang='lat' dir='ltr'>verba</span> <span class='ocrx_word' id='word_1_297' title='bbox 1539 2646 1670 2677; x_wconf 84' lang='lat' dir='ltr'>prorsus</span> <span class='ocrx_word' id='word_1_298' title='bbox 1687 2645 1761 2667; x_wconf 90' lang='lat' dir='ltr'>cum</span> 
     </span>
     <span class='ocr_line' id='line_1_33' title="bbox 141 2695 1761 2742; baseline 0.003 -15"><span class='ocrx_word' id='word_1_299' title='bbox 141 2695 287 2727; x_wconf 83' lang='lat' dir='ltr'>Lucretii</span> <span class='ocrx_word' id='word_1_300' title='bbox 324 2696 508 2728; x_wconf 83' lang='lat' dir='ltr'>concinunt.</span> <span class='ocrx_word' id='word_1_301' title='bbox 555 2696 749 2728; x_wconf 82' lang='lat' dir='ltr'>Aeeuratius</span> <span class='ocrx_word' id='word_1_302' title='bbox 789 2697 866 2729; x_wconf 86' lang='lat' dir='ltr'>Stob</span> <span class='ocrx_word' id='word_1_303' title='bbox 908 2697 977 2729; x_wconf 85' lang='lat' dir='ltr'>Ecl.</span> <span class='ocrx_word' id='word_1_304' title='bbox 1014 2697 1052 2737; x_wconf 91' lang='lat' dir='ltr'>I,</span> <span class='ocrx_word' id='word_1_305' title='bbox 1097 2700 1178 2729; x_wconf 85' lang='lat'>496:</span> <span class='ocrx_word' id='word_1_306' title='bbox 1237 2698 1482 2740; x_wconf 81' lang='grc' dir='ltr'>Μητρόδωρος,</span> <span class='ocrx_word' id='word_1_307' title='bbox 1514 2701 1530 2732; x_wconf 87' lang='grc' dir='ltr'>ὁ</span> <span class='ocrx_word' id='word_1_308' title='bbox 1564 2701 1761 2742; x_wconf 71' lang='grc' dir='ltr'>καθηγητὴς</span> 
     </span>
     <span class='ocr_line' id='line_1_34' title="bbox 141 2759 1760 2804; baseline 0.003 -14"><span class='ocrx_word' id='word_1_309' title='bbox 141 2759 361 2800; x_wconf 79' lang='grc' dir='ltr'>Ἐπικούρου,</span> <span class='ocrx_word' id='word_1_310' title='bbox 403 2761 503 2801; x_wconf 82' lang='grc' dir='ltr'>φησὶν</span> <span class='ocrx_word' id='word_1_311' title='bbox 543 2761 676 2793; x_wconf 84' lang='grc' dir='ltr'>ἄτοπον</span> <span class='ocrx_word' id='word_1_312' title='bbox 714 2763 796 2792; x_wconf 82' lang='grc' dir='ltr'>εἶναι</span> <span class='ocrx_word' id='word_1_313' title='bbox 830 2762 865 2792; x_wconf 77' lang='grc' dir='ltr'>ἐν</span> <span class='ocrx_word' id='word_1_314' title='bbox 904 2762 1041 2803; x_wconf 80' lang='grc' dir='ltr'>μεγάλῳ</span> <span class='ocrx_word' id='word_1_315' title='bbox 1070 2761 1169 2803; x_wconf 74' lang='grc' dir='ltr'>πεδίῳ</span> <span class='ocrx_word' id='word_1_316' title='bbox 1199 2761 1256 2794; x_wconf 79' lang='grc' dir='ltr'>ἕνα</span> <span class='ocrx_word' id='word_1_317' title='bbox 1287 2764 1419 2804; x_wconf 77' lang='grc' dir='ltr'>στάχυν</span> <span class='ocrx_word' id='word_1_318' title='bbox 1451 2765 1678 2804; x_wconf 62' lang='grc' dir='ltr'>γεννηθῆναι,</span> <span class='ocrx_word' id='word_1_319' title='bbox 1704 2765 1760 2796; x_wconf 83' lang='grc' dir='ltr'>καὶ</span> 
     </span>
     <span class='ocr_line' id='line_1_35' title="bbox 141 2820 1759 2867; baseline 0.004 -16"><span class='ocrx_word' id='word_1_320' title='bbox 141 2820 201 2852; x_wconf 81' lang='grc' dir='ltr'>Ιε’να</span> <span class='ocrx_word' id='word_1_321' title='bbox 239 2821 362 2862; x_wconf 77' lang='grc' dir='ltr'>κόσμον</span> <span class='ocrx_word' id='word_1_322' title='bbox 391 2823 425 2853; x_wconf 76' lang='grc' dir='ltr'>ἐν</span> <span class='ocrx_word' id='word_1_323' title='bbox 454 2823 501 2863; x_wconf 78' lang='grc' dir='ltr'>τῷ</span> <span class='ocrx_word' id='word_1_324' title='bbox 530 2823 664 2864; x_wconf 71' lang='grc' dir='ltr'>ἀπείρῳ.</span> <span class='ocrx_word' id='word_1_325' title='bbox 703 2821 779 2854; x_wconf 73' lang='lat' dir='ltr'>“Ort</span> <span class='ocrx_word' id='word_1_326' title='bbox 807 2822 837 2854; x_wconf 77' lang='grc' dir='ltr'>δὲ</span> <span class='ocrx_word' id='word_1_327' title='bbox 866 2825 1002 2864; x_wconf 77' lang='grc' dir='ltr'>ἄπειρος</span> <span class='ocrx_word' id='word_1_328' title='bbox 1032 2826 1118 2855; x_wconf 80' lang='grc' dir='ltr'>κατὰ</span> <span class='ocrx_word' id='word_1_329' title='bbox 1147 2827 1184 2857; x_wconf 89' lang='grc' dir='ltr'>τὸ</span> <span class='ocrx_word' id='word_1_330' title='bbox 1209 2826 1342 2864; x_wconf 64' lang='grc' dir='ltr'>πλῆθος</span> <span class='ocrx_word' id='word_1_331' title='bbox 1368 2825 1472 2864; x_wconf 57' lang='lat' dir='ltr'>&amp;mov</span> <span class='ocrx_word' id='word_1_332' title='bbox 1499 2825 1533 2856; x_wconf 77' lang='grc' dir='ltr'>ἐκ</span> <span class='ocrx_word' id='word_1_333' title='bbox 1561 2827 1618 2858; x_wconf 85' lang='grc' dir='ltr'>τοῦ</span> <span class='ocrx_word' id='word_1_334' title='bbox 1637 2826 1759 2867; x_wconf 79' lang='grc' dir='ltr'>ἄπειρα</span> 
     </span>
     <span class='ocr_line' id='line_1_36' title="bbox 142 2886 1758 2931; baseline 0.003 -15"><span class='ocrx_word' id='word_1_335' title='bbox 142 2886 184 2916; x_wconf 80' lang='grc' dir='ltr'>τὰ</span> <span class='ocrx_word' id='word_1_336' title='bbox 219 2887 310 2916; x_wconf 79' lang='grc' dir='ltr'>αἴτια</span> <span class='ocrx_word' id='word_1_337' title='bbox 347 2887 440 2916; x_wconf 81' lang='grc' dir='ltr'>εἶναι.</span> <span class='ocrx_word' id='word_1_338' title='bbox 486 2887 522 2917; x_wconf 82' lang='grc' dir='ltr'>Εἰ</span> <span class='ocrx_word' id='word_1_339' title='bbox 557 2887 620 2928; x_wconf 84' lang='grc' dir='ltr'>γὰρ</span> <span class='ocrx_word' id='word_1_340' title='bbox 657 2886 674 2917; x_wconf 88' lang='grc' dir='ltr'><strong>ὁ</strong></span> <span class='ocrx_word' id='word_1_341' title='bbox 702 2888 760 2927; x_wconf 80' lang='grc' dir='ltr'>μὲν</span> <span class='ocrx_word' id='word_1_342' title='bbox 787 2886 909 2928; x_wconf 78' lang='grc' dir='ltr'>κόσμος</span> <span class='ocrx_word' id='word_1_343' title='bbox 939 2892 1207 2929; x_wconf 78' lang='grc' dir='ltr'>πεπερασμένος,</span> <span class='ocrx_word' id='word_1_344' title='bbox 1233 2890 1272 2919; x_wconf 77' lang='grc' dir='ltr'>τὰ</span> <span class='ocrx_word' id='word_1_345' title='bbox 1300 2888 1325 2920; x_wconf 81' lang='grc' dir='ltr'>δ’</span> <span class='ocrx_word' id='word_1_346' title='bbox 1355 2892 1446 2921; x_wconf 80' lang='grc' dir='ltr'>αἴτια</span> <span class='ocrx_word' id='word_1_347' title='bbox 1471 2889 1588 2921; x_wconf 84' lang='grc' dir='ltr'>πάντα</span> <span class='ocrx_word' id='word_1_348' title='bbox 1613 2890 1758 2931; x_wconf 79' lang='grc' dir='ltr'>ἄπειρα,</span> 
     </span>
     <span class='ocr_line' id='line_1_37' title="bbox 142 2945 1758 2993; baseline 0.003 -14"><span class='ocrx_word' id='word_1_349' title='bbox 142 2947 176 2982; x_wconf 78' lang='grc' dir='ltr'>ἐξ</span> <span class='ocrx_word' id='word_1_350' title='bbox 200 2945 247 2979; x_wconf 81' lang='grc' dir='ltr'>ὧν</span> <span class='ocrx_word' id='word_1_351' title='bbox 268 2947 320 2980; x_wconf 79' lang='grc' dir='ltr'>ὅδε</span> <span class='ocrx_word' id='word_1_352' title='bbox 347 2950 362 2980; x_wconf 91' lang='grc' dir='ltr'><strong>ὁ</strong></span> <span class='ocrx_word' id='word_1_353' title='bbox 389 2950 509 2989; x_wconf 82' lang='grc' dir='ltr'>κόσμος</span> <span class='ocrx_word' id='word_1_354' title='bbox 536 2949 688 2990; x_wconf 86' lang='grc' dir='ltr'>γέγονεν,</span> <span class='ocrx_word' id='word_1_355' title='bbox 725 2948 859 2991; x_wconf 75' lang='grc' dir='ltr'>ἀνάγκη</span> <span class='ocrx_word' id='word_1_356' title='bbox 885 2948 1046 2991; x_wconf 77' lang='grc' dir='ltr'>ἀπείρους</span> <span class='ocrx_word' id='word_1_357' title='bbox 1073 2952 1164 2982; x_wconf 79' lang='grc' dir='ltr'>εἶναι.</span> <span class='ocrx_word' id='word_1_358' title='bbox 1205 2949 1314 2982; x_wconf 77' lang='lat' dir='ltr'>&#39;&#39;On-ou</span> <span class='ocrx_word' id='word_1_359' title='bbox 1341 2953 1406 2993; x_wconf 87' lang='grc' dir='ltr'>γὰρ</span> <span class='ocrx_word' id='word_1_360' title='bbox 1435 2953 1477 2983; x_wconf 86' lang='grc' dir='ltr'>τὰ</span> <span class='ocrx_word' id='word_1_361' title='bbox 1503 2953 1595 2984; x_wconf 81' lang='grc' dir='ltr'>αἴτια</span> <span class='ocrx_word' id='word_1_362' title='bbox 1619 2951 1758 2993; x_wconf 80' lang='grc' dir='ltr'>πάντα,</span> 
     </span>
    </p>
   </div>
   <div class='ocr_carea' id='block_1_6' title="bbox 142 3010 1452 3056">
    <p class='ocr_par' dir='ltr' id='par_1_7' title="bbox 142 3010 1452 3056">
     <span class='ocr_line' id='line_1_38' title="bbox 142 3010 1452 3056; baseline 0.003 -15"><span class='ocrx_word' id='word_1_363' title='bbox 142 3010 205 3041; x_wconf 79' lang='grc' dir='ltr'>ἐκεῖ</span> <span class='ocrx_word' id='word_1_364' title='bbox 230 3011 285 3042; x_wconf 78' lang='grc' dir='ltr'>καὶ</span> <span class='ocrx_word' id='word_1_365' title='bbox 310 3012 350 3043; x_wconf 87' lang='grc' dir='ltr'>τὰ</span> <span class='ocrx_word' id='word_1_366' title='bbox 377 3011 648 3053; x_wconf 71' lang='grc' dir='ltr'>ἀποτελέσματα.</span> <span class='ocrx_word' id='word_1_367' title='bbox 693 3013 791 3045; x_wconf 86' lang='grc' dir='ltr'>Αἶτια</span> <span class='ocrx_word' id='word_1_368' title='bbox 819 3013 850 3045; x_wconf 83' lang='grc' dir='ltr'>δὲ</span> <span class='ocrx_word' id='word_1_369' title='bbox 879 3013 954 3052; x_wconf 84' lang='grc' dir='ltr'>ἤτοι</span> <span class='ocrx_word' id='word_1_370' title='bbox 981 3015 1015 3045; x_wconf 77' lang='grc' dir='ltr'>αἱ</span> <span class='ocrx_word' id='word_1_371' title='bbox 1035 3015 1151 3055; x_wconf 82' lang='grc' dir='ltr'>ἄτομοι</span> <span class='ocrx_word' id='word_1_372' title='bbox 1180 3015 1200 3054; x_wconf 86' lang='grc' dir='ltr'>ἢ</span> <span class='ocrx_word' id='word_1_373' title='bbox 1228 3016 1269 3046; x_wconf 88' lang='grc' dir='ltr'>τιὶ</span> <span class='ocrx_word' id='word_1_374' title='bbox 1296 3017 1452 3056; x_wconf 80' lang='grc' dir='ltr'>στοιχεῖα.</span> 
     </span>
    </p>
   </div>
  </div>
 </body>
</html>
