1894 3235
919 135 972 176 18

134 275 178 316 in
224 287 305 330 quo
348 272 428 314 sita
458 275 555 313 sunt
587 275 630 312 et
660 284 743 326 qua
773 269 938 311 diversa
969 272 1203 310 moventur.
1266 266 1426 322 Corpus
1457 266 1569 307 enim
1600 280 1676 322 per
1706 279 1750 308 se

133 351 366 394 communis
409 349 575 392 dedicat
610 362 700 390 esse
732 361 896 400 sensus;
928 347 994 388 cui
1026 347 1107 387 nisi
1137 346 1273 401 prima
1302 345 1405 386 fides
1435 344 1609 385 fundata
1638 344 1751 386 vale-

134 429 222 482 bit,
268 428 371 470 haut
402 428 481 469 erit
519 425 693 468 occultis
725 424 776 465 de
807 423 955 477 rebus,
987 437 1068 479 quo
1100 423 1332 463 referentes
1355 421 1601 463 confirmare
1623 420 1751 462 animi

134 507 356 563 quicquam
386 505 548 546 ratione
580 516 782 559 queamus
809 501 848 555 ¹).
910 501 1019 542 Tum
1050 515 1172 556 porro
1195 501 1310 541 locus
1332 514 1379 541 ac
1401 499 1581 554 spatium
1600 531 1610 551 ,
1642 497 1753 553 quod

132 584 257 626 inane
304 596 525 634 vocamus,
574 580 608 621 si
637 579 800 620 nullum
831 577 966 631 foret,
1009 577 1112 618 haut
1143 591 1318 633 usquam
1351 577 1429 618 sita
1459 589 1632 631 corpora
1662 589 1754 631 pos-

135 666 228 704 sent
259 674 349 702 esse
380 672 516 715 neque
549 657 717 699 omnino
749 670 958 712 quoquam
980 655 1144 696 diversa
1165 655 1334 696 meare''
1353 656 1398 708 2).
1433 654 1524 702 Quo
1546 667 1640 695 cum
1662 653 1753 694 loco

137 740 171 781 si
221 738 394 795 Epicuri
445 736 573 778 verba
596 733 623 789 3)
685 734 1000 790 componimuS,
1053 747 1215 774 summa
1256 733 1419 788 patebit
1451 731 1753 786 congruentia:

133 819 181 860 τὸ
224 821 308 860 πᾶν
340 819 422 858 ἐστι
456 818 573 868 σῶμα
606 817 685 864 (καὶ
718 814 879 866 κενόν);
927 813 975 854 τὰ
1007 815 1081 865 μὲν
1113 811 1192 867 ’γᾶρ
1226 812 1392 864 σώματα
1425 811 1481 858 ὡς
1514 810 1622 852 ἔστιν
1654 810 1754 858 αὐτὴ

134 896 158 943 ἡ
207 894 399 944 αἴσθησις
445 894 507 934 ἐπὶ
553 893 725 934 πάντων
770 897 992 945 μαρτυρεῖ,
1040 889 1129 932 καθ’
1174 888 1224 938 ἣν
1254 890 1483 944 ἀναγκαῖον
1515 890 1561 929 τὸ
1595 886 1755 937 ἄδηλον

133 976 190 1027 τῷ
232 971 424 1026 λογισμῷ
469 971 775 1023 τεκμαίρεσθαι·
820 970 850 1010 εἰ
897 966 937 1009 δὲ
978 968 1032 1020 μὴ
1077 970 1124 1015 ἦν
1171 967 1193 1008 ὃ
1241 968 1361 1008 κενὸν
1408 970 1470 1008 καὶ
1503 966 1647 1022 χώραν
1693 967 1755 1006 καὶ

136 1049 272 1104 ἀναφῆ
320 1050 444 1103 φύσιν
491 1046 781 1099 ὀνομάζομεν,
831 1045 906 1087 οὐκ
951 1044 1001 1086 ἂν
1047 1045 1130 1100 εἶχε
1162 1045 1210 1085 τὰ
1243 1044 1409 1097 σώματα
1442 1045 1550 1085 ὅπου
1580 1045 1631 1092 ἦν
1663 1039 1757 1084 οὐδὲ

135 1124 184 1168 δι’
215 1126 264 1168 οὗ
296 1127 491 1177 ἐκινεῖτο,
524 1125 708 1177 καθάπερ
742 1125 925 1178 φαίνεται
957 1123 1172 1174 κινούμενα
1192 1119 1234 1173 ⁴).

194 1204 245 1245 In
292 1202 399 1255 hac,
447 1215 553 1257 quae
586 1200 636 1241 de
667 1214 799 1241 vacuo
831 1204 1003 1250 tractat,
1039 1204 1159 1254 parte
1196 1197 1307 1238 idem
1338 1195 1758 1238 animadvertendum

137 1295 229 1323 esse
262 1294 510 1333 censemus,
543 1278 653 1335 quod
684 1283 830 1331 antea,
862 1291 1014 1332 nempe
1047 1277 1293 1318 Lucretium
1323 1275 1505 1331 primum
1536 1287 1758 1329 argumen-

139 1364 229 1400 tum
271 1358 314 1399 id
360 1371 540 1414 ponere,
587 1355 697 1412 quod
748 1369 831 1396 non
881 1355 962 1395 nisi
1015 1353 1301 1395 ratiocinando
1343 1352 1562 1408 probatur,
1610 1350 1759 1392 deinde

138 1437 244 1478 illud
275 1436 520 1478 confirmare
552 1433 840 1489 argumentis,
888 1447 942 1474 ex
974 1446 1052 1473 usu
1085 1432 1195 1473 vitae
1228 1431 1431 1486 sumptis:
1475 1429 1548 1471 sed
1579 1429 1761 1485 primum

139 1514 245 1556 illud
290 1517 613 1568 argumentum,
659 1516 706 1552 ut
752 1510 864 1566 apud
907 1511 1137 1566 Epicurum
1177 1523 1365 1565 quoque⁷
1399 1508 1449 1549 de
1479 1521 1612 1549 vacuo
1644 1507 1762 1548 abso-

140 1592 229 1632 luto
261 1591 370 1646 agit,
403 1603 655 1646 quamquam
699 1589 820 1629 inane
867 1589 906 1628 in
955 1587 1074 1628 rebus
1121 1600 1210 1628 esse
1243 1586 1528 1627 demonstrare
1560 1584 1686 1626 debet
1702 1585 1759 1638 ⁵):

187 1826 210 1863 ¹)
257 1825 297 1856 D.
322 1824 360 1856 L.
385 1823 432 1862 X,
459 1825 520 1854 32:
558 1823 638 1855 ὅθεν
672 1822 726 1854 καὶ
759 1822 833 1862 περὶ
869 1824 936 1852 τῶν
969 1819 1105 1858 ἀόἡλων
1129 1820 1196 1852 ἀπὸ
1221 1822 1286 1850 τῶν
1319 1817 1526 1860 φαινομένων
1557 1818 1622 1858 χρὴ
1655 1827 1763 1857 σημει-

142 1890 272 1922 οῦσθαι.

184 1952 211 1993 2)
258 1951 312 1983 vs.
339 1950 518 1982 419—428.

182 2015 204 2051 ³)
255 2013 296 2045 D.
321 2013 358 2045 L.
384 2012 437 2051 X,
463 2013 521 2049 39,
546 2013 597 2042 40.

184 2077 210 2119 ⁴)
257 2075 398 2108 Addidi:
433 2076 487 2107 καὶ
521 2074 618 2106 κενόν
641 2074 727 2115 quod
749 2072 910 2105 sententia
933 2071 1086 2113 requirit:
1124 2070 1239 2102 deinde
1262 2070 1288 2102 εἰ
1311 2072 1374 2112 γὰρ
1406 2071 1451 2111 μὴ
1475 2068 1601 2100 mutavi
1623 2068 1658 2100 in
1681 2069 1707 2100 εἰ
1729 2067 1761 2100 δὲ

141 2141 193 2182 μὴ.
240 2139 312 2171 Hoc
346 2138 402 2170 illo
435 2137 506 2169 loco
539 2137 616 2169 olim
644 2136 764 2168 lectum
796 2146 881 2173 esse,
915 2135 993 2167 satis
1025 2138 1157 2175 apparet
1190 2144 1230 2165 ex
1264 2133 1366 2174 ipsius
1390 2131 1524 2173 Epicuri
1546 2132 1581 2163 in
1604 2131 1697 2172 epist.
1723 2131 1764 2162 ad

142 2202 240 2245 Pyth.
266 2202 318 2240 (D.
344 2202 381 2233 L.
407 2200 458 2239 X,
484 2203 533 2237 86)
559 2199 682 2231 verbis:
709 2202 746 2233 τὸ
771 2202 843 2231 πᾶν
867 2203 958 2239 σῶμα
984 2200 1039 2230 καὶ
1063 2199 1194 2239 ἀναφὴς
1218 2197 1314 2238 φύσις
1337 2195 1448 2233 ἐστίν,
1465 2206 1481 2227 e
1498 2195 1585 2226 Plut.
1603 2195 1676 2226 adv.
1695 2193 1761 2226 Col.

145 2265 216 2296 XI:
243 2267 280 2295 5:
329 2263 528 2302 Ἐπικούρου
572 2262 602 2293 ἒὲ
642 2263 819 2304 λέγοντοςῑ
867 2261 908 2300 μὴ
945 2264 1012 2292 τῶν
1050 2260 1160 2292 ὄντων
1198 2260 1294 2301 φύσις
1328 2260 1465 2299 σώματά
1490 2257 1559 2289 ἐστι
1583 2258 1636 2289 καὶ
1661 2260 1765 2294 τόπος

143 2333 223 2366 etc.‚
247 2331 358 2368 postea
382 2325 491 2358 XIII.
518 2328 554 2357 3:
581 2326 616 2357 ἐν
641 2326 731 2366 ἀρχῇ
755 2324 786 2355 δὲ
813 2326 874 2362 τῆς
898 2322 1129 2365 πραγματείας
1156 2322 1330 2361 ὑπειπών,
1356 2324 1418 2359 τὴν
1441 2323 1510 2353 τῶν
1540 2322 1649 2353 ὄντων
1665 2319 1765 2360 φύσιν

143 2393 281 2431 σώματα
305 2392 387 2421 εἶναι
412 2391 464 2420 καὶ
489 2390 596 2420 κενόν.
640 2387 807 2419 Incertum
845 2391 953 2418 tamen
988 2385 1091 2417 videri
1113 2390 1238 2426 potest,
1274 2385 1360 2425 quod
1395 2383 1590 2415 vocabulum
1613 2393 1652 2414 ex
1676 2381 1765 2413 hisce

143 2453 264 2485 tribus:
289 2454 397 2488 κενόν,
416 2452 519 2488 τόπος
534 2475 542 2488 ,
567 2451 698 2491 ἀναφὴς
716 2449 812 2486 Φύσις
829 2448 1015 2489 eligendum
1031 2447 1094 2487 sit3
1119 2445 1174 2478 sed
1187 2445 1458 2478 animadvertenti
1471 2445 1506 2476 in
1519 2445 1659 2476 secunda
1674 2447 1766 2484 pane

144 2515 323 2548 sententiae
346 2514 481 2546 verbum
505 2515 603 2545 κενόν
627 2512 768 2553 primum
790 2512 897 2543 locum
921 2521 1093 2551 occupare,
1118 2510 1256 2550 patebit,
1285 2513 1322 2541 ut
1342 2509 1377 2540 in
1400 2509 1541 2540 secundo
1559 2518 1576 2539 e
1590 2505 1766 2538 Plutarcho

145 2579 276 2610 laudato
298 2578 388 2615 loco,
413 2577 460 2608 ita
482 2576 534 2607 hic
558 2577 657 2607 etiam
685 2575 767 2606 illud
790 2574 926 2606 verbum
949 2576 1044 2606 κενόν
1067 2573 1274 2605 scribendum
1298 2583 1376 2604 esse.
1401 2590 1442 2594 —
1467 2571 1508 2603 In
1530 2568 1767 2611 paragraphum

147 2643 186 2673 38
223 2641 387 2673 Gassendo
420 2640 527 2671 visum
561 2644 610 2670 est
641 2641 695 2670 καὶ
725 2639 827 2670 obbia}
861 2636 1029 2680 φθείρεται
1062 2638 1105 2675 εἰς
1138 2640 1175 2670 τὸ
1199 2638 1244 2677 μὴ
1269 2638 1308 2669 ὃν
1331 2635 1540 2667 inserendum
1563 2643 1654 2671 esse,
1678 2632 1766 2673 quod

145 2709 274 2742 tamen,
299 2705 325 2734 si
347 2703 428 2734 illud
452 2706 588 2744 πρῶτον
610 2704 669 2742 μὲν
693 2706 725 2732 et
748 2701 778 2733 δὲ
802 2705 874 2741 post
897 2700 1062 2741 ἐφθείρετο
1086 2710 1151 2731 non
1173 2702 1354 2739 praetereo,
1379 2697 1537 2728 affirmare
1560 2705 1625 2727 non
1647 2693 1764 2726 ausim.

190 2767 212 2803 5)
261 2769 337 2804 330,
374 2768 444 2797 335.
493 2765 569 2797 Sine
607 2764 675 2796 uuo
709 2763 896 2795 discrimine
933 2763 1106 2795 Lucretius
1138 2773 1292 2803 usurpare
1331 2761 1460 2792 videtur
1485 2759 1634 2792 nomina:
1659 2759 1765 2796 inane,

147 2840 288 2861 vacuum
300 2853 308 2867 ‚
326 2829 415 2861 locus
435 2828 497 2870 (res
513 2829 546 2859 in
559 2838 622 2869 quo
636 2837 782 2868 quaeque
806 2826 977 2867 geruntur)
993 2851 1000 2863 ‚
1018 2825 1158 2867 spatium
1170 2850 1178 2864 ,
1201 2825 1342 2866 spatium
1365 2824 1461 2855 inane
1475 2847 1483 2861 ,
1507 2832 1647 2854 vacuum
1669 2820 1767 2852 inane

151 2892 223 2934 (11,
259 2894 343 2929 236).
378 2892 496 2923 Sextus
528 2890 712 2931 Empiricus
744 2890 837 2921 docet
874 2888 1053 2930 Epicurum
1078 2889 1122 2920 sic
1145 2888 1336 2920 discrevisse
1359 2890 1396 2920 τὸ
1421 2887 1534 2923 κενὸν,
1559 2888 1618 2918 τὸν
1641 2885 1765 2922 τόπον,

150 2957 213 2994 τὴν
237 2957 366 2996 χώρανῑ
392 2955 549 2994 ἧῷπειπερ
575 2954 594 2992 ἡ
617 2954 706 2991 αὑτὴ
729 2952 825 2994 φύσις
847 2953 967 2993 ἔρημος
989 2953 1047 2992 μὲν
1072 2954 1294 2990 κατεστηκυῖα
1324 2953 1457 2987 παντὸς
1473 2950 1641 2990 σώματος,
1670 2948 1767 2979 κενὸν

150 3017 452 3060 προσαγορεύεται,
487 3017 595 3057 (Luc-r.
626 3026 766 3047 vacuum
793 3015 880 3056 quod
901 3014 998 3046 inane
1021 3025 1175 3046 vocamus
1199 3014 1215 3045 Ι
1241 3015 1320 3051 439,
1357 3013 1418 3043 426
1450 3011 1540 3043 locus
1563 3020 1600 3041 ae
1624 3007 1766 3049 spatium
