<?xml version="1.0" encoding="UTF-8"?>
<!DOCTYPE html PUBLIC "-//W3C//DTD XHTML 1.0 Transitional//EN"
    "http://www.w3.org/TR/xhtml1/DTD/xhtml1-transitional.dtd">
<html xmlns="http://www.w3.org/1999/xhtml" xml:lang="en" lang="en">
 <head>
  <title>
</title>
<meta http-equiv="Content-Type" content="text/html;charset=utf-8" />
  <meta name='ocr-system' content='tesseract 3.04.00' />
  <meta name='ocr-capabilities' content='ocr_page ocr_carea ocr_par ocr_line ocrx_word'/>
</head>
<body>
  <div class='ocr_page' id='page_1' title='image "./lucretiiphilosop00woltuoft_0082.png"; bbox 0 0 1894 3235; ppageno 0'>
   <div class='ocr_carea' id='block_1_1' title="bbox 917 124 970 164">
    <p class='ocr_par' dir='ltr' id='par_1_1' title="bbox 917 124 970 164">
     <span class='ocr_line' id='line_1_1' title="bbox 917 124 970 164; baseline 0 0"><span class='ocrx_word' id='word_1_1' title='bbox 917 124 970 164; x_wconf 87' lang='lat'>68</span> 
     </span>
    </p>
   </div>
   <div class='ocr_carea' id='block_1_2' title="bbox 136 257 1766 3040">
    <p class='ocr_par' dir='ltr' id='par_1_2' title="bbox 136 257 1766 3040">
     <span class='ocr_line' id='line_1_2' title="bbox 136 257 1754 317; baseline -0.003 -13"><span class='ocrx_word' id='word_1_2' title='bbox 136 262 282 317; x_wconf 82' lang='lat' dir='ltr'>tellegi</span> <span class='ocrx_word' id='word_1_3' title='bbox 321 261 452 317; x_wconf 82' lang='lat' dir='ltr'>possit</span> <span class='ocrx_word' id='word_1_4' title='bbox 483 260 669 302; x_wconf 86' lang='lat' dir='ltr'>animum</span> <span class='ocrx_word' id='word_1_5' title='bbox 703 262 746 299; x_wconf 92' lang='lat' dir='ltr'>et</span> <span class='ocrx_word' id='word_1_6' title='bbox 776 257 921 299; x_wconf 79' lang='lat' dir='ltr'>videre</span> <span class='ocrx_word' id='word_1_7' title='bbox 953 261 996 299; x_wconf 89' lang='lat' dir='ltr'>et</span> <span class='ocrx_word' id='word_1_8' title='bbox 1031 257 1204 311; x_wconf 89' lang='lat' dir='ltr'>audire,</span> <span class='ocrx_word' id='word_1_9' title='bbox 1236 271 1318 298; x_wconf 93' lang='lat' dir='ltr'>non</span> <span class='ocrx_word' id='word_1_10' title='bbox 1350 271 1419 299; x_wconf 85' lang='lat' dir='ltr'>eas</span> <span class='ocrx_word' id='word_1_11' title='bbox 1453 261 1616 312; x_wconf 84' lang='lat' dir='ltr'>partes,</span> <span class='ocrx_word' id='word_1_12' title='bbox 1647 271 1754 314; x_wconf 87' lang='lat' dir='ltr'>quae</span> 
     </span>
     <span class='ocr_line' id='line_1_3' title="bbox 137 333 1755 396; baseline -0.004 -15"><span class='ocrx_word' id='word_1_13' title='bbox 137 340 254 396; x_wconf 89' lang='lat' dir='ltr'>quasi</span> <span class='ocrx_word' id='word_1_14' title='bbox 285 339 492 380; x_wconf 82' lang='lat' dir='ltr'>fenestrae</span> <span class='ocrx_word' id='word_1_15' title='bbox 525 338 608 378; x_wconf 92' lang='lat' dir='ltr'>sint</span> <span class='ocrx_word' id='word_1_16' title='bbox 640 336 770 378; x_wconf 87' lang='lat' dir='ltr'>animi</span> <span class='ocrx_word' id='word_1_17' title='bbox 788 336 826 388; x_wconf 86' lang='lat'>,&#39;&#39;</span> <span class='ocrx_word' id='word_1_18' title='bbox 851 360 904 364; x_wconf 89' lang='lat'>—</span> <span class='ocrx_word' id='word_1_19' title='bbox 927 334 1024 376; x_wconf 90' lang='lat' dir='ltr'>huic</span> <span class='ocrx_word' id='word_1_20' title='bbox 1047 335 1176 389; x_wconf 88' lang='lat' dir='ltr'>igitur</span> <span class='ocrx_word' id='word_1_21' title='bbox 1199 335 1431 375; x_wconf 79' lang='lat' dir='ltr'>sentcntiae</span> <span class='ocrx_word' id='word_1_22' title='bbox 1453 333 1651 390; x_wconf 88' lang='lat' dir='ltr'>Epicurei</span> <span class='ocrx_word' id='word_1_23' title='bbox 1671 348 1755 375; x_wconf 93' lang='lat' dir='ltr'>non</span> 
     </span>
     <span class='ocr_line' id='line_1_4' title="bbox 137 412 1756 472; baseline -0.003 -13"><span class='ocrx_word' id='word_1_24' title='bbox 137 417 330 460; x_wconf 87' lang='lat' dir='ltr'>assentiri</span> <span class='ocrx_word' id='word_1_25' title='bbox 375 420 571 472; x_wconf 82' lang='lat' dir='ltr'>possunt3</span> <span class='ocrx_word' id='word_1_26' title='bbox 621 428 766 456; x_wconf 90' lang='lat' dir='ltr'>sensus</span> <span class='ocrx_word' id='word_1_27' title='bbox 797 428 1010 469; x_wconf 89' lang='lat' dir='ltr'>nunquam</span> <span class='ocrx_word' id='word_1_28' title='bbox 1042 427 1116 454; x_wconf 90' lang='lat' dir='ltr'>nos</span> <span class='ocrx_word' id='word_1_29' title='bbox 1148 413 1299 454; x_wconf 83' lang='lat' dir='ltr'>fallunt</span> <span class='ocrx_word' id='word_1_30' title='bbox 1330 413 1444 468; x_wconf 86' lang='lat' dir='ltr'>atqui</span> <span class='ocrx_word' id='word_1_31' title='bbox 1477 412 1519 453; x_wconf 89' lang='lat' dir='ltr'>hi</span> <span class='ocrx_word' id='word_1_32' title='bbox 1550 413 1629 468; x_wconf 89' lang='lat' dir='ltr'>ipsi</span> <span class='ocrx_word' id='word_1_33' title='bbox 1661 427 1756 454; x_wconf 89' lang='lat' dir='ltr'>con-</span> 
     </span>
     <span class='ocr_line' id='line_1_5' title="bbox 137 490 1757 546; baseline -0.004 -9"><span class='ocrx_word' id='word_1_34' title='bbox 137 495 311 537; x_wconf 87' lang='lat' dir='ltr'>trarium</span> <span class='ocrx_word' id='word_1_35' title='bbox 351 509 425 535; x_wconf 90' lang='lat' dir='ltr'>nos</span> <span class='ocrx_word' id='word_1_36' title='bbox 457 493 630 534; x_wconf 80' lang='lat' dir='ltr'>docent:</span> <span class='ocrx_word' id='word_1_37' title='bbox 669 490 855 545; x_wconf 84' lang='lat' dir='ltr'>„fulgida</span> <span class='ocrx_word' id='word_1_38' title='bbox 886 491 1133 545; x_wconf 87' lang='lat' dir='ltr'>praesertim</span> <span class='ocrx_word' id='word_1_39' title='bbox 1157 505 1251 531; x_wconf 92' lang='lat' dir='ltr'>cum</span> <span class='ocrx_word' id='word_1_40' title='bbox 1273 503 1445 531; x_wconf 89' lang='lat' dir='ltr'>cernere</span> <span class='ocrx_word' id='word_1_41' title='bbox 1467 504 1590 546; x_wconf 80' lang='lat' dir='ltr'>saepe</span> <span class='ocrx_word' id='word_1_42' title='bbox 1612 490 1757 546; x_wconf 91' lang='lat' dir='ltr'>nequi-</span> 
     </span>
     <span class='ocr_line' id='line_1_6' title="bbox 136 562 1758 626; baseline -0.004 -11"><span class='ocrx_word' id='word_1_43' title='bbox 136 588 256 626; x_wconf 86' lang='lat' dir='ltr'>mus,</span> <span class='ocrx_word' id='word_1_44' title='bbox 304 573 464 613; x_wconf 85' lang='lat' dir='ltr'>lumina</span> <span class='ocrx_word' id='word_1_45' title='bbox 510 569 738 611; x_wconf 87' lang='lat' dir='ltr'>luminibus</span> <span class='ocrx_word' id='word_1_46' title='bbox 790 569 888 624; x_wconf 88' lang='lat' dir='ltr'>quia</span> <span class='ocrx_word' id='word_1_47' title='bbox 933 568 1052 609; x_wconf 85' lang='lat' dir='ltr'>nobis</span> <span class='ocrx_word' id='word_1_48' title='bbox 1098 562 1477 624; x_wconf 86' lang='lat' dir='ltr'>praepediuntur&#39;’,</span> <span class='ocrx_word' id='word_1_49' title='bbox 1519 568 1562 609; x_wconf 87' lang='lat' dir='ltr'>id</span> <span class='ocrx_word' id='word_1_50' title='bbox 1593 573 1683 621; x_wconf 91' lang='lat' dir='ltr'>est,</span> <span class='ocrx_word' id='word_1_51' title='bbox 1715 568 1758 609; x_wconf 90' lang='lat' dir='ltr'>id</span> 
     </span>
     <span class='ocr_line' id='line_1_7' title="bbox 138 646 1758 707; baseline -0.003 -15"><span class='ocrx_word' id='word_1_52' title='bbox 138 652 302 707; x_wconf 89' lang='lat' dir='ltr'>ipsum,</span> <span class='ocrx_word' id='word_1_53' title='bbox 351 650 460 706; x_wconf 88' lang='lat' dir='ltr'>quod</span> <span class='ocrx_word' id='word_1_54' title='bbox 502 649 628 690; x_wconf 89' lang='lat' dir='ltr'>nimis</span> <span class='ocrx_word' id='word_1_55' title='bbox 660 648 744 689; x_wconf 87' lang='lat' dir='ltr'>acri</span> <span class='ocrx_word' id='word_1_56' title='bbox 777 648 869 688; x_wconf 89' lang='lat' dir='ltr'>luce</span> <span class='ocrx_word' id='word_1_57' title='bbox 901 647 933 687; x_wconf 90' lang='lat' dir='ltr'>si</span> <span class='ocrx_word' id='word_1_58' title='bbox 967 647 1076 687; x_wconf 88' lang='lat' dir='ltr'>oculi</span> <span class='ocrx_word' id='word_1_59' title='bbox 1108 647 1345 688; x_wconf 84' lang='lat' dir='ltr'>afficiuntur</span> <span class='ocrx_word' id='word_1_60' title='bbox 1376 646 1628 701; x_wconf 84' lang='lat' dir='ltr'>impedimur</span> <span class='ocrx_word' id='word_1_61' title='bbox 1659 660 1758 702; x_wconf 90' lang='lat' dir='ltr'>quo-</span> 
     </span>
     <span class='ocr_line' id='line_1_8' title="bbox 137 724 1759 781; baseline -0.004 -11"><span class='ocrx_word' id='word_1_62' title='bbox 137 730 277 770; x_wconf 92' lang='lat' dir='ltr'>minus</span> <span class='ocrx_word' id='word_1_63' title='bbox 322 728 562 779; x_wconf 66' lang='lat' dir='ltr'>videamus,</span> <span class='ocrx_word' id='word_1_64' title='bbox 605 726 756 781; x_wconf 85' lang='lat' dir='ltr'>probat</span> <span class='ocrx_word' id='word_1_65' title='bbox 802 726 914 780; x_wconf 81' lang='lat' dir='ltr'>ipsos</span> <span class='ocrx_word' id='word_1_66' title='bbox 955 724 1097 765; x_wconf 85' lang='lat' dir='ltr'>oculos</span> <span class='ocrx_word' id='word_1_67' title='bbox 1144 725 1298 765; x_wconf 86' lang='lat' dir='ltr'>sentire</span> <span class='ocrx_word' id='word_1_68' title='bbox 1330 738 1466 779; x_wconf 88' lang='lat' dir='ltr'>neque</span> <span class='ocrx_word' id='word_1_69' title='bbox 1498 724 1615 780; x_wconf 81' lang='lat' dir='ltr'>quasi</span> <span class='ocrx_word' id='word_1_70' title='bbox 1646 724 1759 765; x_wconf 87' lang='lat' dir='ltr'>fene-</span> 
     </span>
     <span class='ocr_line' id='line_1_9' title="bbox 138 802 1760 858; baseline -0.003 -10"><span class='ocrx_word' id='word_1_71' title='bbox 138 812 242 849; x_wconf 89' lang='lat' dir='ltr'>stras</span> <span class='ocrx_word' id='word_1_72' title='bbox 280 820 382 848; x_wconf 84' lang='lat' dir='ltr'>esse.</span> <span class='ocrx_word' id='word_1_73' title='bbox 445 805 513 846; x_wconf 80' lang='lat' dir='ltr'>Ex</span> <span class='ocrx_word' id='word_1_74' title='bbox 547 804 693 846; x_wconf 89' lang='lat' dir='ltr'>eodem</span> <span class='ocrx_word' id='word_1_75' title='bbox 727 803 923 858; x_wconf 81' lang='lat' dir='ltr'>exemplo</span> <span class='ocrx_word' id='word_1_76' title='bbox 954 803 1127 843; x_wconf 87' lang='lat' dir='ltr'>fortasse</span> <span class='ocrx_word' id='word_1_77' title='bbox 1161 802 1288 843; x_wconf 86' lang='lat' dir='ltr'>etiam</span> <span class='ocrx_word' id='word_1_78' title='bbox 1318 802 1553 843; x_wconf 66' lang='lat' dir='ltr'>videbimus</span> <span class='ocrx_word' id='word_1_79' title='bbox 1584 802 1676 858; x_wconf 90' lang='lat' dir='ltr'>quis</span> <span class='ocrx_word' id='word_1_80' title='bbox 1707 802 1760 843; x_wconf 86' lang='lat' dir='ltr'>sit</span> 
     </span>
     <span class='ocr_line' id='line_1_10' title="bbox 138 880 1760 935; baseline -0.004 -9"><span class='ocrx_word' id='word_1_81' title='bbox 138 899 273 926; x_wconf 83' lang='lat' dir='ltr'>nexus</span> <span class='ocrx_word' id='word_1_82' title='bbox 318 884 534 925; x_wconf 91' lang='lat' dir='ltr'>oculorum</span> <span class='ocrx_word' id='word_1_83' title='bbox 581 896 676 924; x_wconf 92' lang='lat' dir='ltr'>cum</span> <span class='ocrx_word' id='word_1_84' title='bbox 723 882 874 922; x_wconf 84' lang='lat' dir='ltr'>animo.</span> <span class='ocrx_word' id='word_1_85' title='bbox 937 880 1010 921; x_wconf 84' lang='lat' dir='ltr'>Vs.</span> <span class='ocrx_word' id='word_1_86' title='bbox 1060 881 1141 921; x_wconf 77' lang='lat'>362</span> <span class='ocrx_word' id='word_1_87' title='bbox 1188 881 1299 921; x_wconf 88' lang='lat' dir='ltr'>onim</span> <span class='ocrx_word' id='word_1_88' title='bbox 1344 880 1544 935; x_wconf 86' lang='lat' dir='ltr'>legimus:</span> <span class='ocrx_word' id='word_1_89' title='bbox 1591 894 1760 932; x_wconf 88' lang='lat' dir='ltr'>„sensus</span> 
     </span>
     <span class='ocr_line' id='line_1_11' title="bbox 141 957 1758 1016; baseline -0.002 -14"><span class='ocrx_word' id='word_1_90' title='bbox 141 962 253 1003; x_wconf 90' lang='lat' dir='ltr'>enim</span> <span class='ocrx_word' id='word_1_91' title='bbox 295 961 423 1002; x_wconf 87' lang='lat' dir='ltr'>trahit</span> <span class='ocrx_word' id='word_1_92' title='bbox 455 965 581 1016; x_wconf 89' lang='lat' dir='ltr'>atque</span> <span class='ocrx_word' id='word_1_93' title='bbox 615 960 726 1001; x_wconf 86' lang='lat' dir='ltr'>acies</span> <span class='ocrx_word' id='word_1_94' title='bbox 759 958 943 999; x_wconf 84' lang='lat' dir='ltr'>detrudit</span> <span class='ocrx_word' id='word_1_95' title='bbox 975 958 1027 999; x_wconf 85' lang='lat' dir='ltr'>ad</span> <span class='ocrx_word' id='word_1_96' title='bbox 1058 958 1211 1013; x_wconf 87' lang='lat' dir='ltr'>ipsas&#39;&#39;,</span> <span class='ocrx_word' id='word_1_97' title='bbox 1245 971 1369 1012; x_wconf 88' lang='lat' dir='ltr'>quem</span> <span class='ocrx_word' id='word_1_98' title='bbox 1401 971 1566 999; x_wconf 84' lang='lat' dir='ltr'>versum</span> <span class='ocrx_word' id='word_1_99' title='bbox 1599 957 1758 998; x_wconf 58' lang='lat' dir='ltr'>WVake-</span> 
     </span>
     <span class='ocr_line' id='line_1_12' title="bbox 137 1036 1759 1094; baseline -0.001 -14"><span class='ocrx_word' id='word_1_100' title='bbox 137 1039 302 1080; x_wconf 88' lang='lat' dir='ltr'>fieldius</span> <span class='ocrx_word' id='word_1_101' title='bbox 350 1040 407 1080; x_wconf 89' lang='lat' dir='ltr'>sic</span> <span class='ocrx_word' id='word_1_102' title='bbox 440 1039 743 1094; x_wconf 86' lang='lat' dir='ltr'>interpretatus</span> <span class='ocrx_word' id='word_1_103' title='bbox 776 1043 863 1079; x_wconf 89' lang='lat' dir='ltr'>est:</span> <span class='ocrx_word' id='word_1_104' title='bbox 903 1051 1102 1090; x_wconf 79' lang='lat' dir='ltr'>„sensuS,</span> <span class='ocrx_word' id='word_1_105' title='bbox 1150 1050 1274 1092; x_wconf 90' lang='lat' dir='ltr'>quem</span> <span class='ocrx_word' id='word_1_106' title='bbox 1305 1036 1463 1078; x_wconf 86' lang='lat' dir='ltr'>habent</span> <span class='ocrx_word' id='word_1_107' title='bbox 1492 1038 1602 1078; x_wconf 92' lang='lat' dir='ltr'>oculi</span> <span class='ocrx_word' id='word_1_108' title='bbox 1634 1037 1759 1079; x_wconf 89' lang='lat' dir='ltr'>rebus</span> 
     </span>
     <span class='ocr_line' id='line_1_13' title="bbox 139 1115 1760 1172; baseline -0.002 -13"><span class='ocrx_word' id='word_1_109' title='bbox 139 1118 326 1159; x_wconf 81' lang='lat' dir='ltr'>externis</span> <span class='ocrx_word' id='word_1_110' title='bbox 374 1117 591 1172; x_wconf 83' lang='lat' dir='ltr'>percussi,</span> <span class='ocrx_word' id='word_1_111' title='bbox 625 1120 771 1157; x_wconf 77' lang='lat' dir='ltr'>evocat</span> <span class='ocrx_word' id='word_1_112' title='bbox 802 1116 986 1156; x_wconf 86' lang='lat' dir='ltr'>animum</span> <span class='ocrx_word' id='word_1_113' title='bbox 1020 1115 1072 1156; x_wconf 87' lang='lat' dir='ltr'>ad</span> <span class='ocrx_word' id='word_1_114' title='bbox 1104 1129 1246 1156; x_wconf 90' lang='lat' dir='ltr'>eorum</span> <span class='ocrx_word' id='word_1_115' title='bbox 1280 1116 1417 1168; x_wconf 87' lang='lat' dir='ltr'>acies,</span> <span class='ocrx_word' id='word_1_116' title='bbox 1449 1116 1508 1156; x_wconf 86' lang='lat' dir='ltr'>ita</span> <span class='ocrx_word' id='word_1_117' title='bbox 1539 1119 1584 1156; x_wconf 90' lang='lat' dir='ltr'>ut</span> <span class='ocrx_word' id='word_1_118' title='bbox 1616 1129 1760 1157; x_wconf 88' lang='lat' dir='ltr'>conso-</span> 
     </span>
     <span class='ocr_line' id='line_1_14' title="bbox 140 1193 1761 1249; baseline -0.001 -13"><span class='ocrx_word' id='word_1_119' title='bbox 140 1196 258 1237; x_wconf 87' lang='lat' dir='ltr'>ciatis</span> <span class='ocrx_word' id='word_1_120' title='bbox 290 1195 418 1237; x_wconf 88' lang='lat' dir='ltr'>animi</span> <span class='ocrx_word' id='word_1_121' title='bbox 452 1200 494 1236; x_wconf 87' lang='lat' dir='ltr'>et</span> <span class='ocrx_word' id='word_1_122' title='bbox 527 1195 635 1236; x_wconf 90' lang='lat' dir='ltr'>oculi</span> <span class='ocrx_word' id='word_1_123' title='bbox 668 1194 947 1249; x_wconf 73' lang='lat' dir='ltr'>potestatibus</span> <span class='ocrx_word' id='word_1_124' title='bbox 970 1193 1138 1234; x_wconf 74' lang='lat' dir='ltr'>videndi</span> <span class='ocrx_word' id='word_1_125' title='bbox 1158 1194 1334 1235; x_wconf 75' lang='lat' dir='ltr'>facultas</span> <span class='ocrx_word' id='word_1_126' title='bbox 1355 1193 1609 1234; x_wconf 82' lang='lat' dir='ltr'>exoriatur&#39;&#39;.</span> <span class='ocrx_word' id='word_1_127' title='bbox 1641 1193 1761 1235; x_wconf 90' lang='lat' dir='ltr'>Haec</span> 
     </span>
     <span class='ocr_line' id='line_1_15' title="bbox 139 1271 1762 1329; baseline -0.001 -15"><span class='ocrx_word' id='word_1_128' title='bbox 139 1273 431 1329; x_wconf 78' lang='lat' dir='ltr'>interpretatio</span> <span class='ocrx_word' id='word_1_129' title='bbox 463 1279 578 1313; x_wconf 88' lang='lat' dir='ltr'>recta</span> <span class='ocrx_word' id='word_1_130' title='bbox 608 1272 728 1313; x_wconf 85' lang='lat' dir='ltr'>nobis</span> <span class='ocrx_word' id='word_1_131' title='bbox 759 1272 940 1324; x_wconf 74' lang='lat' dir='ltr'>videtur,</span> <span class='ocrx_word' id='word_1_132' title='bbox 973 1272 1051 1312; x_wconf 85' lang='lat' dir='ltr'>etsi</span> <span class='ocrx_word' id='word_1_133' title='bbox 1084 1271 1234 1312; x_wconf 89' lang='lat' dir='ltr'>durum</span> <span class='ocrx_word' id='word_1_134' title='bbox 1266 1276 1327 1312; x_wconf 85' lang='lat' dir='ltr'>est</span> <span class='ocrx_word' id='word_1_135' title='bbox 1359 1285 1381 1312; x_wconf 92' lang='lat' dir='ltr'>e</span> <span class='ocrx_word' id='word_1_136' title='bbox 1413 1271 1762 1326; x_wconf 78' lang='lat' dir='ltr'>praecedentibus</span> 
     </span>
     <span class='ocr_line' id='line_1_16' title="bbox 141 1349 1762 1404; baseline -0.001 -12"><span class='ocrx_word' id='word_1_137' title='bbox 141 1365 289 1392; x_wconf 84' lang='lat' dir='ltr'>vocem</span> <span class='ocrx_word' id='word_1_138' title='bbox 335 1351 520 1391; x_wconf 89' lang='lat' dir='ltr'>animum</span> <span class='ocrx_word' id='word_1_139' title='bbox 565 1355 611 1390; x_wconf 92' lang='lat' dir='ltr'>ut</span> <span class='ocrx_word' id='word_1_140' title='bbox 658 1349 868 1390; x_wconf 89' lang='lat' dir='ltr'>obiectum</span> <span class='ocrx_word' id='word_1_141' title='bbox 899 1349 1017 1390; x_wconf 82' lang='lat' dir='ltr'>verbi</span> <span class='ocrx_word' id='word_1_142' title='bbox 1049 1349 1212 1389; x_wconf 75' lang='lat' dir='ltr'>trahere</span> <span class='ocrx_word' id='word_1_143' title='bbox 1243 1349 1464 1404; x_wconf 84' lang='lat' dir='ltr'>supplere,</span> <span class='ocrx_word' id='word_1_144' title='bbox 1498 1349 1570 1390; x_wconf 87' lang='lat' dir='ltr'>sed</span> <span class='ocrx_word' id='word_1_145' title='bbox 1601 1349 1762 1391; x_wconf 88' lang='lat' dir='ltr'>nullum</span> 
     </span>
     <span class='ocr_line' id='line_1_17' title="bbox 144 1427 1763 1481; baseline -0.001 -12"><span class='ocrx_word' id='word_1_146' title='bbox 144 1429 317 1470; x_wconf 82' lang='lat' dir='ltr'>offertur</span> <span class='ocrx_word' id='word_1_147' title='bbox 347 1428 462 1470; x_wconf 84' lang='lat' dir='ltr'>aliud</span> <span class='ocrx_word' id='word_1_148' title='bbox 498 1427 745 1468; x_wconf 89' lang='lat' dir='ltr'>remedium.</span> <span class='ocrx_word' id='word_1_149' title='bbox 790 1427 911 1469; x_wconf 87' lang='lat' dir='ltr'>Oculi</span> <span class='ocrx_word' id='word_1_150' title='bbox 939 1427 1068 1481; x_wconf 84' lang='lat' dir='ltr'>igitur</span> <span class='ocrx_word' id='word_1_151' title='bbox 1098 1427 1191 1469; x_wconf 92' lang='lat' dir='ltr'>luce</span> <span class='ocrx_word' id='word_1_152' title='bbox 1213 1442 1237 1468; x_wconf 89' lang='lat' dir='ltr'>a</span> <span class='ocrx_word' id='word_1_153' title='bbox 1256 1427 1382 1468; x_wconf 89' lang='lat' dir='ltr'>rebus</span> <span class='ocrx_word' id='word_1_154' title='bbox 1403 1433 1624 1468; x_wconf 75' lang='lat' dir='ltr'>emanante</span> <span class='ocrx_word' id='word_1_155' title='bbox 1647 1427 1763 1478; x_wconf 88' lang='lat' dir='ltr'>(ima-</span> 
     </span>
     <span class='ocr_line' id='line_1_18' title="bbox 142 1504 1763 1561; baseline -0.001 -14"><span class='ocrx_word' id='word_1_156' title='bbox 142 1507 309 1561; x_wconf 88' lang='lat' dir='ltr'>ginibus</span> <span class='ocrx_word' id='word_1_157' title='bbox 353 1507 440 1547; x_wconf 78' lang='lat' dir='ltr'>sive</span> <span class='ocrx_word' id='word_1_158' title='bbox 473 1505 718 1558; x_wconf 78' lang='lat' dir='ltr'>simulacris)</span> <span class='ocrx_word' id='word_1_159' title='bbox 752 1505 1011 1557; x_wconf 85' lang='lat' dir='ltr'>afficiuntur,</span> <span class='ocrx_word' id='word_1_160' title='bbox 1045 1519 1125 1560; x_wconf 93' lang='lat' dir='ltr'>quo</span> <span class='ocrx_word' id='word_1_161' title='bbox 1157 1504 1309 1546; x_wconf 82' lang='lat' dir='ltr'>affectu</span> <span class='ocrx_word' id='word_1_162' title='bbox 1341 1505 1504 1546; x_wconf 88' lang='lat' dir='ltr'>animus</span> <span class='ocrx_word' id='word_1_163' title='bbox 1534 1505 1763 1560; x_wconf 84' lang='lat' dir='ltr'>impellitur</span> 
     </span>
     <span class='ocr_line' id='line_1_19' title="bbox 142 1582 1763 1639; baseline -0.001 -14"><span class='ocrx_word' id='word_1_164' title='bbox 142 1589 188 1625; x_wconf 93' lang='lat' dir='ltr'>ut</span> <span class='ocrx_word' id='word_1_165' title='bbox 220 1583 327 1625; x_wconf 87' lang='lat' dir='ltr'>adsit</span> <span class='ocrx_word' id='word_1_166' title='bbox 358 1583 482 1639; x_wconf 87' lang='lat' dir='ltr'>idque</span> <span class='ocrx_word' id='word_1_167' title='bbox 514 1589 638 1638; x_wconf 76' lang='lat' dir='ltr'>agat,</span> <span class='ocrx_word' id='word_1_168' title='bbox 670 1588 716 1623; x_wconf 93' lang='lat' dir='ltr'>ut</span> <span class='ocrx_word' id='word_1_169' title='bbox 749 1583 961 1624; x_wconf 84' lang='lat' dir='ltr'>Ciceronis</span> <span class='ocrx_word' id='word_1_170' title='bbox 990 1582 1128 1623; x_wconf 75' lang='lat' dir='ltr'>verbis</span> <span class='ocrx_word' id='word_1_171' title='bbox 1149 1588 1343 1635; x_wconf 89' lang='lat' dir='ltr'>utamur,</span> <span class='ocrx_word' id='word_1_172' title='bbox 1376 1596 1456 1638; x_wconf 86' lang='lat' dir='ltr'>quo</span> <span class='ocrx_word' id='word_1_173' title='bbox 1477 1582 1585 1623; x_wconf 87' lang='lat' dir='ltr'>facto</span> <span class='ocrx_word' id='word_1_174' title='bbox 1608 1582 1763 1623; x_wconf 90' lang='lat' dir='ltr'>conscii</span> 
     </span>
     <span class='ocr_line' id='line_1_20' title="bbox 141 1660 1764 1716; baseline -0.001 -13"><span class='ocrx_word' id='word_1_175' title='bbox 141 1662 347 1703; x_wconf 85' lang='lat' dir='ltr'>videmus.</span> <span class='ocrx_word' id='word_1_176' title='bbox 410 1661 532 1703; x_wconf 89' lang='lat' dir='ltr'>Oculi</span> <span class='ocrx_word' id='word_1_177' title='bbox 563 1662 641 1716; x_wconf 92' lang='lat' dir='ltr'>ipsi</span> <span class='ocrx_word' id='word_1_178' title='bbox 674 1661 846 1713; x_wconf 77' lang='lat' dir='ltr'>vident,</span> <span class='ocrx_word' id='word_1_179' title='bbox 879 1675 1000 1702; x_wconf 87' lang='lat' dir='ltr'>aures</span> <span class='ocrx_word' id='word_1_180' title='bbox 1031 1660 1144 1715; x_wconf 86' lang='lat' dir='ltr'>ipsae</span> <span class='ocrx_word' id='word_1_181' title='bbox 1166 1660 1372 1713; x_wconf 86' lang='lat' dir='ltr'>audiunt,</span> <span class='ocrx_word' id='word_1_182' title='bbox 1409 1660 1588 1715; x_wconf 89' lang='lat' dir='ltr'>denique</span> <span class='ocrx_word' id='word_1_183' title='bbox 1613 1674 1764 1716; x_wconf 91' lang='lat' dir='ltr'>corpus</span> 
     </span>
     <span class='ocr_line' id='line_1_21' title="bbox 142 1737 1763 1794; baseline -0.001 -14"><span class='ocrx_word' id='word_1_184' title='bbox 142 1739 280 1794; x_wconf 89' lang='lat' dir='ltr'>ipsum</span> <span class='ocrx_word' id='word_1_185' title='bbox 312 1739 465 1791; x_wconf 85' lang='lat' dir='ltr'>sentit,</span> <span class='ocrx_word' id='word_1_186' title='bbox 498 1738 570 1779; x_wconf 86' lang='lat' dir='ltr'>sed</span> <span class='ocrx_word' id='word_1_187' title='bbox 601 1739 740 1779; x_wconf 90' lang='lat' dir='ltr'>animo</span> <span class='ocrx_word' id='word_1_188' title='bbox 772 1738 921 1779; x_wconf 87' lang='lat' dir='ltr'>horum</span> <span class='ocrx_word' id='word_1_189' title='bbox 943 1737 1168 1778; x_wconf 86' lang='lat' dir='ltr'>affectuum</span> <span class='ocrx_word' id='word_1_190' title='bbox 1192 1737 1345 1778; x_wconf 89' lang='lat' dir='ltr'>conscii</span> <span class='ocrx_word' id='word_1_191' title='bbox 1368 1738 1502 1778; x_wconf 89' lang='lat' dir='ltr'>fimus.</span> <span class='ocrx_word' id='word_1_192' title='bbox 1543 1737 1763 1779; x_wconf 84' lang='lat' dir='ltr'>Sentiendi</span> 
     </span>
     <span class='ocr_line' id='line_1_22' title="bbox 142 1814 1764 1871; baseline -0.002 -13"><span class='ocrx_word' id='word_1_193' title='bbox 142 1817 212 1858; x_wconf 81' lang='lat' dir='ltr'>via</span> <span class='ocrx_word' id='word_1_194' title='bbox 257 1821 299 1858; x_wconf 90' lang='lat' dir='ltr'>et</span> <span class='ocrx_word' id='word_1_195' title='bbox 338 1817 445 1858; x_wconf 89' lang='lat' dir='ltr'>ratio</span> <span class='ocrx_word' id='word_1_196' title='bbox 487 1816 617 1870; x_wconf 85' lang='lat' dir='ltr'>igitur</span> <span class='ocrx_word' id='word_1_197' title='bbox 658 1820 721 1857; x_wconf 88' lang='lat' dir='ltr'>est</span> <span class='ocrx_word' id='word_1_198' title='bbox 751 1815 883 1856; x_wconf 89' lang='lat' dir='ltr'>haec:</span> <span class='ocrx_word' id='word_1_199' title='bbox 932 1829 1075 1856; x_wconf 90' lang='lat' dir='ltr'>omnes</span> <span class='ocrx_word' id='word_1_200' title='bbox 1107 1829 1277 1868; x_wconf 87' lang='lat' dir='ltr'>sensus,</span> <span class='ocrx_word' id='word_1_201' title='bbox 1325 1829 1426 1871; x_wconf 92' lang='lat' dir='ltr'>quos</span> <span class='ocrx_word' id='word_1_202' title='bbox 1458 1815 1604 1857; x_wconf 84' lang='lat' dir='ltr'>Cicero</span> <span class='ocrx_word' id='word_1_203' title='bbox 1635 1814 1764 1856; x_wconf 87' lang='lat' dir='ltr'>animi</span> 
     </span>
     <span class='ocr_line' id='line_1_23' title="bbox 141 1892 1764 1947; baseline -0.002 -11"><span class='ocrx_word' id='word_1_204' title='bbox 141 1895 310 1936; x_wconf 92' lang='lat' dir='ltr'>nuntios</span> <span class='ocrx_word' id='word_1_205' title='bbox 350 1898 496 1947; x_wconf 82' lang='lat' dir='ltr'>vocat,</span> <span class='ocrx_word' id='word_1_206' title='bbox 543 1894 668 1935; x_wconf 89' lang='lat' dir='ltr'>rebus</span> <span class='ocrx_word' id='word_1_207' title='bbox 715 1894 902 1934; x_wconf 77' lang='lat' dir='ltr'>externis</span> <span class='ocrx_word' id='word_1_208' title='bbox 942 1893 1199 1934; x_wconf 87' lang='lat' dir='ltr'>afficiuntur:</span> <span class='ocrx_word' id='word_1_209' title='bbox 1246 1893 1290 1934; x_wconf 93' lang='lat' dir='ltr'>hi</span> <span class='ocrx_word' id='word_1_210' title='bbox 1322 1893 1496 1934; x_wconf 85' lang='lat' dir='ltr'>affectus</span> <span class='ocrx_word' id='word_1_211' title='bbox 1542 1907 1637 1935; x_wconf 93' lang='lat' dir='ltr'>cum</span> <span class='ocrx_word' id='word_1_212' title='bbox 1677 1892 1764 1934; x_wconf 91' lang='lat' dir='ltr'>ani-</span> 
     </span>
     <span class='ocr_line' id='line_1_24' title="bbox 142 1971 1765 2027; baseline -0.001 -14"><span class='ocrx_word' id='word_1_213' title='bbox 142 1986 238 2026; x_wconf 89' lang='lat' dir='ltr'>ma,</span> <span class='ocrx_word' id='word_1_214' title='bbox 286 1972 405 2013; x_wconf 91' lang='lat' dir='ltr'>cuius</span> <span class='ocrx_word' id='word_1_215' title='bbox 451 1972 580 2013; x_wconf 92' lang='lat' dir='ltr'>atomi</span> <span class='ocrx_word' id='word_1_216' title='bbox 627 1985 702 2027; x_wconf 89' lang='lat' dir='ltr'>per</span> <span class='ocrx_word' id='word_1_217' title='bbox 759 1976 893 2013; x_wconf 88' lang='lat' dir='ltr'>totum</span> <span class='ocrx_word' id='word_1_218' title='bbox 947 1986 1097 2027; x_wconf 90' lang='lat' dir='ltr'>corpus</span> <span class='ocrx_word' id='word_1_219' title='bbox 1154 1978 1249 2012; x_wconf 85' lang='lat' dir='ltr'>sunt</span> <span class='ocrx_word' id='word_1_220' title='bbox 1297 1971 1489 2024; x_wconf 88' lang='lat' dir='ltr'>dissitae,</span> <span class='ocrx_word' id='word_1_221' title='bbox 1535 1971 1765 2013; x_wconf 93' lang='lat' dir='ltr'>communi-</span> 
     </span>
     <span class='ocr_line' id='line_1_25' title="bbox 144 2050 1765 2106; baseline -0.001 -14"><span class='ocrx_word' id='word_1_222' title='bbox 144 2055 316 2104; x_wconf 81' lang='lat' dir='ltr'>cantur,</span> <span class='ocrx_word' id='word_1_223' title='bbox 373 2064 479 2106; x_wconf 87' lang='lat' dir='ltr'>quae</span> <span class='ocrx_word' id='word_1_224' title='bbox 539 2064 683 2091; x_wconf 88' lang='lat' dir='ltr'>rursus</span> <span class='ocrx_word' id='word_1_225' title='bbox 734 2050 920 2091; x_wconf 89' lang='lat' dir='ltr'>animum</span> <span class='ocrx_word' id='word_1_226' title='bbox 972 2050 1180 2105; x_wconf 87' lang='lat' dir='ltr'>impellit,</span> <span class='ocrx_word' id='word_1_227' title='bbox 1233 2064 1313 2105; x_wconf 91' lang='lat' dir='ltr'>quo</span> <span class='ocrx_word' id='word_1_228' title='bbox 1365 2064 1439 2091; x_wconf 94' lang='lat' dir='ltr'>nos</span> <span class='ocrx_word' id='word_1_229' title='bbox 1488 2050 1568 2105; x_wconf 88' lang='lat' dir='ltr'>ipsi</span> <span class='ocrx_word' id='word_1_230' title='bbox 1621 2063 1765 2091; x_wconf 90' lang='lat' dir='ltr'>eorum</span> 
     </span>
     <span class='ocr_line' id='line_1_26' title="bbox 146 2126 1765 2182; baseline -0.001 -14"><span class='ocrx_word' id='word_1_231' title='bbox 146 2127 299 2169; x_wconf 88' lang='lat' dir='ltr'>conscii</span> <span class='ocrx_word' id='word_1_232' title='bbox 331 2127 466 2168; x_wconf 89' lang='lat' dir='ltr'>fimus.</span> <span class='ocrx_word' id='word_1_233' title='bbox 528 2127 659 2168; x_wconf 89' lang='lat' dir='ltr'>Porro</span> <span class='ocrx_word' id='word_1_234' title='bbox 692 2132 754 2167; x_wconf 90' lang='lat' dir='ltr'>est</span> <span class='ocrx_word' id='word_1_235' title='bbox 786 2127 913 2168; x_wconf 88' lang='lat' dir='ltr'>etiam</span> <span class='ocrx_word' id='word_1_236' title='bbox 943 2127 1013 2167; x_wconf 83' lang='lat' dir='ltr'>via</span> <span class='ocrx_word' id='word_1_237' title='bbox 1043 2126 1140 2167; x_wconf 91' lang='lat' dir='ltr'>huic</span> <span class='ocrx_word' id='word_1_238' title='bbox 1172 2127 1374 2182; x_wconf 88' lang='lat' dir='ltr'>opposita.</span> <span class='ocrx_word' id='word_1_239' title='bbox 1426 2127 1566 2168; x_wconf 87' lang='lat' dir='ltr'>Motus</span> <span class='ocrx_word' id='word_1_240' title='bbox 1587 2126 1765 2182; x_wconf 83' lang='lat' dir='ltr'>primam</span> 
     </span>
     <span class='ocr_line' id='line_1_27' title="bbox 145 2203 1766 2260; baseline -0.001 -14"><span class='ocrx_word' id='word_1_241' title='bbox 145 2205 351 2260; x_wconf 88' lang='lat' dir='ltr'>originem</span> <span class='ocrx_word' id='word_1_242' title='bbox 385 2205 543 2246; x_wconf 92' lang='lat' dir='ltr'>ducunt</span> <span class='ocrx_word' id='word_1_243' title='bbox 575 2218 597 2245; x_wconf 96' lang='lat' dir='ltr'>e</span> <span class='ocrx_word' id='word_1_244' title='bbox 638 2205 854 2245; x_wconf 77' lang='lat' dir='ltr'>voluntate</span> <span class='ocrx_word' id='word_1_245' title='bbox 887 2204 1093 2257; x_wconf 89' lang='lat' dir='ltr'>hominis,</span> <span class='ocrx_word' id='word_1_246' title='bbox 1137 2218 1243 2260; x_wconf 87' lang='lat' dir='ltr'>quae</span> <span class='ocrx_word' id='word_1_247' title='bbox 1275 2204 1416 2245; x_wconf 87' lang='lat' dir='ltr'>sedem</span> <span class='ocrx_word' id='word_1_248' title='bbox 1447 2203 1575 2245; x_wconf 87' lang='lat' dir='ltr'>habet</span> <span class='ocrx_word' id='word_1_249' title='bbox 1604 2204 1647 2245; x_wconf 93' lang='lat' dir='ltr'>in</span> <span class='ocrx_word' id='word_1_250' title='bbox 1677 2204 1766 2246; x_wconf 86' lang='lat' dir='ltr'>ani·</span> 
     </span>
     <span class='ocr_line' id='line_1_28' title="bbox 144 2282 1765 2338; baseline -0.001 -14"><span class='ocrx_word' id='word_1_251' title='bbox 144 2297 235 2336; x_wconf 91' lang='lat' dir='ltr'>mo,</span> <span class='ocrx_word' id='word_1_252' title='bbox 284 2288 326 2324; x_wconf 89' lang='lat' dir='ltr'>et</span> <span class='ocrx_word' id='word_1_253' title='bbox 367 2296 538 2338; x_wconf 90' lang='lat' dir='ltr'>corpore</span> <span class='ocrx_word' id='word_1_254' title='bbox 584 2283 885 2338; x_wconf 85' lang='lat' dir='ltr'>perficiuntur:</span> <span class='ocrx_word' id='word_1_255' title='bbox 933 2283 1097 2324; x_wconf 89' lang='lat' dir='ltr'>animus</span> <span class='ocrx_word' id='word_1_256' title='bbox 1144 2282 1255 2323; x_wconf 90' lang='lat' dir='ltr'>enim</span> <span class='ocrx_word' id='word_1_257' title='bbox 1292 2296 1366 2323; x_wconf 87' lang='lat' dir='ltr'>sua</span> <span class='ocrx_word' id='word_1_258' title='bbox 1396 2282 1438 2322; x_wconf 90' lang='lat' dir='ltr'>vi</span> <span class='ocrx_word' id='word_1_259' title='bbox 1469 2282 1648 2337; x_wconf 90' lang='lat' dir='ltr'>impellit</span> <span class='ocrx_word' id='word_1_260' title='bbox 1677 2282 1765 2323; x_wconf 87' lang='lat' dir='ltr'>ani-</span> 
     </span>
     <span class='ocr_line' id='line_1_29' title="bbox 145 2359 1766 2416; baseline 0 -14"><span class='ocrx_word' id='word_1_261' title='bbox 145 2375 281 2414; x_wconf 84' lang='lat' dir='ltr'>mam,</span> <span class='ocrx_word' id='word_1_262' title='bbox 329 2375 435 2416; x_wconf 86' lang='lat' dir='ltr'>quae</span> <span class='ocrx_word' id='word_1_263' title='bbox 466 2364 628 2401; x_wconf 89' lang='lat' dir='ltr'>motum</span> <span class='ocrx_word' id='word_1_264' title='bbox 659 2361 703 2401; x_wconf 92' lang='lat' dir='ltr'>in</span> <span class='ocrx_word' id='word_1_265' title='bbox 734 2360 918 2416; x_wconf 87' lang='lat' dir='ltr'>corporis</span> <span class='ocrx_word' id='word_1_266' title='bbox 948 2365 1089 2416; x_wconf 87' lang='lat' dir='ltr'>partes</span> <span class='ocrx_word' id='word_1_267' title='bbox 1120 2359 1352 2401; x_wconf 83' lang='lat' dir='ltr'>transducit</span> <span class='ocrx_word' id='word_1_268' title='bbox 1382 2360 1468 2413; x_wconf 85' lang='lat' dir='ltr'>ita,</span> <span class='ocrx_word' id='word_1_269' title='bbox 1499 2364 1546 2401; x_wconf 91' lang='lat' dir='ltr'>ut</span> <span class='ocrx_word' id='word_1_270' title='bbox 1576 2360 1766 2402; x_wconf 82' lang='lat' dir='ltr'>membra</span> 
     </span>
     <span class='ocr_line' id='line_1_30' title="bbox 146 2439 1766 2493; baseline -0.001 -12"><span class='ocrx_word' id='word_1_271' title='bbox 146 2444 409 2481; x_wconf 84' lang='lat' dir='ltr'>moveantur.</span> <span class='ocrx_word' id='word_1_272' title='bbox 470 2439 631 2480; x_wconf 90' lang='lat' dir='ltr'>Eodem</span> <span class='ocrx_word' id='word_1_273' title='bbox 673 2439 796 2480; x_wconf 93' lang='lat' dir='ltr'>modo</span> <span class='ocrx_word' id='word_1_274' title='bbox 828 2439 1040 2480; x_wconf 87' lang='lat' dir='ltr'>interdum</span> <span class='ocrx_word' id='word_1_275' title='bbox 1072 2439 1180 2480; x_wconf 91' lang='lat' dir='ltr'>oculi</span> <span class='ocrx_word' id='word_1_276' title='bbox 1213 2439 1446 2493; x_wconf 84' lang='lat' dir='ltr'>caligantur</span> <span class='ocrx_word' id='word_1_277' title='bbox 1477 2453 1571 2480; x_wconf 90' lang='lat' dir='ltr'>cum</span> <span class='ocrx_word' id='word_1_278' title='bbox 1602 2439 1766 2480; x_wconf 85' lang='lat' dir='ltr'>animus</span> 
     </span>
     <span class='ocr_line' id='line_1_31' title="bbox 144 2516 1766 2572; baseline 0 -14"><span class='ocrx_word' id='word_1_279' title='bbox 144 2518 270 2558; x_wconf 88' lang='lat' dir='ltr'>nimis</span> <span class='ocrx_word' id='word_1_280' title='bbox 313 2517 555 2558; x_wconf 77' lang='lat' dir='ltr'>vehementi</span> <span class='ocrx_word' id='word_1_281' title='bbox 592 2517 776 2572; x_wconf 90' lang='lat' dir='ltr'>impulsu</span> <span class='ocrx_word' id='word_1_282' title='bbox 814 2516 1008 2557; x_wconf 85' lang='lat' dir='ltr'>truditur.</span> <span class='ocrx_word' id='word_1_283' title='bbox 1057 2541 1108 2545; x_wconf 97' lang='lat'><strong>—</strong></span> <span class='ocrx_word' id='word_1_284' title='bbox 1157 2517 1274 2565; x_wconf 83' lang='lat' dir='ltr'>Quae</span> <span class='ocrx_word' id='word_1_285' title='bbox 1307 2517 1471 2558; x_wconf 90' lang='lat' dir='ltr'>etiamsi</span> <span class='ocrx_word' id='word_1_286' title='bbox 1501 2517 1562 2558; x_wconf 89' lang='lat' dir='ltr'>ita</span> <span class='ocrx_word' id='word_1_287' title='bbox 1592 2521 1689 2558; x_wconf 91' lang='lat' dir='ltr'>sunt</span> <span class='ocrx_word' id='word_1_288' title='bbox 1719 2521 1766 2558; x_wconf 92' lang='lat' dir='ltr'>ut</span> 
     </span>
     <span class='ocr_line' id='line_1_32' title="bbox 147 2594 1766 2651; baseline -0.001 -14"><span class='ocrx_word' id='word_1_289' title='bbox 147 2596 448 2651; x_wconf 80' lang='lat' dir='ltr'>exposuimus,</span> <span class='ocrx_word' id='word_1_290' title='bbox 482 2600 623 2636; x_wconf 87' lang='lat' dir='ltr'>tamen</span> <span class='ocrx_word' id='word_1_291' title='bbox 654 2599 797 2636; x_wconf 87' lang='lat' dir='ltr'>manet</span> <span class='ocrx_word' id='word_1_292' title='bbox 829 2594 975 2636; x_wconf 86' lang='lat' dir='ltr'>eadem</span> <span class='ocrx_word' id='word_1_293' title='bbox 1007 2594 1240 2648; x_wconf 84' lang='lat' dir='ltr'>difficultas,</span> <span class='ocrx_word' id='word_1_294' title='bbox 1272 2609 1396 2650; x_wconf 84' lang='lat' dir='ltr'>quam</span> <span class='ocrx_word' id='word_1_295' title='bbox 1428 2599 1553 2636; x_wconf 86' lang='lat' dir='ltr'>antea</span> <span class='ocrx_word' id='word_1_296' title='bbox 1568 2595 1766 2637; x_wconf 85' lang='lat' dir='ltr'>indicavi-</span> 
     </span>
     <span class='ocr_line' id='line_1_33' title="bbox 145 2672 1765 2728; baseline 0.001 -14"><span class='ocrx_word' id='word_1_297' title='bbox 145 2688 251 2714; x_wconf 91' lang='lat' dir='ltr'>mus.</span> <span class='ocrx_word' id='word_1_298' title='bbox 311 2673 435 2714; x_wconf 87' lang='lat' dir='ltr'>Nunc</span> <span class='ocrx_word' id='word_1_299' title='bbox 482 2673 594 2714; x_wconf 89' lang='lat' dir='ltr'>enim</span> <span class='ocrx_word' id='word_1_300' title='bbox 639 2673 877 2728; x_wconf 85' lang='lat' dir='ltr'>quaeritur,</span> <span class='ocrx_word' id='word_1_301' title='bbox 920 2686 1026 2728; x_wconf 91' lang='lat' dir='ltr'>quae</span> <span class='ocrx_word' id='word_1_302' title='bbox 1058 2672 1256 2713; x_wconf 89' lang='lat' dir='ltr'>Lucretio</span> <span class='ocrx_word' id='word_1_303' title='bbox 1289 2673 1342 2713; x_wconf 91' lang='lat' dir='ltr'>sit</span> <span class='ocrx_word' id='word_1_304' title='bbox 1374 2673 1620 2728; x_wconf 89' lang='lat' dir='ltr'>significatio</span> <span class='ocrx_word' id='word_1_305' title='bbox 1651 2673 1765 2715; x_wconf 85' lang='lat' dir='ltr'>vocis</span> 
     </span>
     <span class='ocr_line' id='line_1_34' title="bbox 148 2749 1765 2806; baseline 0.001 -15"><span class='ocrx_word' id='word_1_306' title='bbox 148 2764 305 2792; x_wconf 81' lang='lat' dir='ltr'>sensuS.</span> <span class='ocrx_word' id='word_1_307' title='bbox 368 2750 579 2792; x_wconf 81' lang='lat' dir='ltr'>Sensusne</span> <span class='ocrx_word' id='word_1_308' title='bbox 611 2749 723 2791; x_wconf 91' lang='lat' dir='ltr'>idem</span> <span class='ocrx_word' id='word_1_309' title='bbox 755 2754 818 2791; x_wconf 91' lang='lat' dir='ltr'>est</span> <span class='ocrx_word' id='word_1_310' title='bbox 849 2754 974 2805; x_wconf 87' lang='lat' dir='ltr'>atque</span> <span class='ocrx_word' id='word_1_311' title='bbox 1006 2749 1135 2790; x_wconf 89' lang='lat' dir='ltr'>animi</span> <span class='ocrx_word' id='word_1_312' title='bbox 1166 2750 1335 2791; x_wconf 81' lang='lat' dir='ltr'>motus?</span> <span class='ocrx_word' id='word_1_313' title='bbox 1375 2750 1435 2791; x_wconf 80' lang='lat' dir='ltr'>At</span> <span class='ocrx_word' id='word_1_314' title='bbox 1466 2764 1614 2806; x_wconf 88' lang='lat' dir='ltr'>corpus</span> <span class='ocrx_word' id='word_1_315' title='bbox 1636 2750 1765 2792; x_wconf 89' lang='lat' dir='ltr'>etiam</span> 
     </span>
     <span class='ocr_line' id='line_1_35' title="bbox 147 2827 1765 2883; baseline 0.001 -15"><span class='ocrx_word' id='word_1_316' title='bbox 147 2828 304 2881; x_wconf 87' lang='lat' dir='ltr'>sentit,</span> <span class='ocrx_word' id='word_1_317' title='bbox 353 2841 452 2882; x_wconf 87' lang='lat' dir='ltr'>ergo</span> <span class='ocrx_word' id='word_1_318' title='bbox 494 2841 640 2869; x_wconf 90' lang='lat' dir='ltr'>sensus</span> <span class='ocrx_word' id='word_1_319' title='bbox 686 2827 798 2868; x_wconf 90' lang='lat' dir='ltr'>idem</span> <span class='ocrx_word' id='word_1_320' title='bbox 845 2832 908 2868; x_wconf 89' lang='lat' dir='ltr'>est</span> <span class='ocrx_word' id='word_1_321' title='bbox 940 2832 1065 2883; x_wconf 87' lang='lat' dir='ltr'>atque</span> <span class='ocrx_word' id='word_1_322' title='bbox 1095 2832 1245 2869; x_wconf 91' lang='lat' dir='ltr'>motus.</span> <span class='ocrx_word' id='word_1_323' title='bbox 1306 2827 1467 2869; x_wconf 82' lang='lat' dir='ltr'>Tamen</span> <span class='ocrx_word' id='word_1_324' title='bbox 1506 2842 1590 2869; x_wconf 94' lang='lat' dir='ltr'>non</span> <span class='ocrx_word' id='word_1_325' title='bbox 1621 2842 1765 2870; x_wconf 88' lang='lat' dir='ltr'>omnes</span> 
     </span>
     <span class='ocr_line' id='line_1_36' title="bbox 146 2905 1766 2962; baseline 0.001 -16"><span class='ocrx_word' id='word_1_326' title='bbox 146 2910 286 2947; x_wconf 90' lang='lat' dir='ltr'>motus</span> <span class='ocrx_word' id='word_1_327' title='bbox 331 2910 428 2946; x_wconf 90' lang='lat' dir='ltr'>sunt</span> <span class='ocrx_word' id='word_1_328' title='bbox 475 2919 647 2947; x_wconf 89' lang='lat' dir='ltr'>sensus:</span> <span class='ocrx_word' id='word_1_329' title='bbox 694 2905 805 2962; x_wconf 91' lang='lat' dir='ltr'>quod</span> <span class='ocrx_word' id='word_1_330' title='bbox 849 2905 978 2960; x_wconf 87' lang='lat' dir='ltr'>igitur</span> <span class='ocrx_word' id='word_1_331' title='bbox 1010 2905 1229 2947; x_wconf 88' lang='lat' dir='ltr'>discrimen</span> <span class='ocrx_word' id='word_1_332' title='bbox 1268 2911 1332 2947; x_wconf 89' lang='lat' dir='ltr'>est</span> <span class='ocrx_word' id='word_1_333' title='bbox 1362 2906 1473 2947; x_wconf 90' lang='lat' dir='ltr'>inter</span> <span class='ocrx_word' id='word_1_334' title='bbox 1502 2907 1766 2962; x_wconf 80' lang='lat' dir='ltr'>utrumque?</span> 
     </span>
     <span class='ocr_line' id='line_1_37' title="bbox 147 2983 1764 3040; baseline 0.001 -16"><span class='ocrx_word' id='word_1_335' title='bbox 147 2983 345 3039; x_wconf 89' lang='lat' dir='ltr'>Epicurei</span> <span class='ocrx_word' id='word_1_336' title='bbox 391 2983 497 3024; x_wconf 92' lang='lat' dir='ltr'>nihil</span> <span class='ocrx_word' id='word_1_337' title='bbox 541 2984 797 3040; x_wconf 88' lang='lat' dir='ltr'>respondent</span> <span class='ocrx_word' id='word_1_338' title='bbox 843 2990 885 3024; x_wconf 93' lang='lat' dir='ltr'>et</span> <span class='ocrx_word' id='word_1_339' title='bbox 916 2983 995 3038; x_wconf 90' lang='lat' dir='ltr'>ipsi</span> <span class='ocrx_word' id='word_1_340' title='bbox 1026 2983 1133 3025; x_wconf 89' lang='lat' dir='ltr'>hanc</span> <span class='ocrx_word' id='word_1_341' title='bbox 1165 2984 1452 3026; x_wconf 89' lang='lat' dir='ltr'>difficultatem</span> <span class='ocrx_word' id='word_1_342' title='bbox 1482 2985 1764 3040; x_wconf 87' lang='lat' dir='ltr'>praesensisse</span> 
     </span>
    </p>
   </div>
  </div>
 </body>
</html>
