1921 3235
917 147 996 188 175

151 282 240 323 lent
282 281 446 335 legibus
490 280 595 321 uti’'.
662 280 1002 321 Fundamentum
1047 280 1149 321 iuris
1201 282 1297 320 sunt
1328 278 1564 320 communia
1594 277 1761 319 foedera

151 359 265 414 pacis
291 359 335 412 ¹).
395 358 500 399 Cum
529 362 689 398 metum
720 357 891 398 deorum
923 357 1137 398 sustulerit
1167 360 1322 412 poeta,
1354 356 1475 397 facile
1505 355 1638 396 videri
1669 369 1762 410 pos-

152 439 216 476 set
267 435 423 476 nullam
477 434 695 490 reliquisse
735 434 843 487 vim⁷
891 448 995 490 quae
1037 434 1259 475 sceleratos
1305 433 1520 474 continere
1559 432 1689 487 possit
1719 435 1761 473 et

153 527 269 568 spem
310 513 361 553 iis
407 512 568 567 eripere
614 511 702 552 fore
748 515 795 551 ut
843 525 1006 566 semper
1038 511 1196 552 scelera
1224 511 1383 551 lateant
1414 514 1456 551 et
1486 523 1646 565 poenae
1678 523 1760 550 non

152 593 389 645 sequantur.
449 588 652 629 Attamen
702 591 862 640 „metus
901 588 1084 628 maculat
1128 601 1358 643 poenarum
1403 587 1590 642 praemia
1634 587 1759 627 vitae.

153 666 418 707 Circumretit
463 665 575 706 enim
621 665 685 705 vis
722 669 846 720 atque
877 665 1030 706 iniuria
1061 679 1296 720 quemque,
1343 669 1468 720 atque
1498 664 1610 705 unde
1642 678 1763 704 exor-

152 747 256 796 tast,
303 743 354 784 ad
385 757 481 783 eum
511 743 758 798 plerumque
788 743 985 795 revertit,
1024 756 1101 783 nec
1132 742 1293 783 facilest
1325 742 1532 797 placidam
1563 755 1610 782 ac
1641 756 1763 796 paca-

152 825 239 862 tam
285 820 436 874 degere
467 820 598 861 vitam
631 820 701 875 qui
731 820 860 861 violat
891 820 1010 860 factis
1042 820 1279 860 eommunia
1309 819 1478 860 foedera
1508 819 1644 874 pacis:
1685 819 1763 859 etsi

151 898 258 939 fallit
304 898 414 938 enim
463 897 600 938 divom
647 911 779 951 genus
808 896 1149 952 humanumque,
1196 900 1400 951 perpetuo
1431 901 1572 937 tamen
1603 896 1647 936 id
1676 895 1763 936 fore

152 976 259 1016 olam
305 975 490 1016 diffidere
539 975 691 1029 debet3
739 976 893 1031 quippe
924 975 996 1015 ubi
1029 989 1071 1015 se
1102 975 1225 1014 multi
1256 988 1331 1029 per
1361 974 1521 1015 somnia
1551 987 1675 1029 saepe
1706 974 1764 1014 lo-

151 1056 326 1108 quentes
356 1056 428 1093 aut
457 1052 602 1093 morbo
637 1051 863 1092 delirantes
894 1055 1093 1106 protraxe
1125 1051 1312 1092 ferantur
1344 1056 1385 1091 et
1417 1051 1551 1092 celata
1579 1050 1691 1091 mala
1720 1050 1764 1090 in

152 1129 336 1170 medium
379 1134 420 1170 et
464 1134 638 1184 peccata
669 1128 859 1169 dedisse'’
879 1128 923 1178 2).
984 1129 1103 1169 Idem
1134 1128 1369 1183 Epicurus:
1417 1130 1463 1170 τὸ
1495 1134 1567 1176 τῆς
1600 1130 1761 1183 φύσεως

154 1205 309 1248 δίκαιον
341 1206 423 1248 ἔστι
465 1205 690 1262 σύμβολον
721 1210 794 1248 τοῦ
827 1208 1111 1261 συμφέροντος
1143 1208 1200 1254 εἰς
1231 1206 1277 1246 τὸ
1308 1207 1362 1258 μὴ
1393 1204 1600 1260 βλάπτειν
1633 1204 1765 1254 ἀλλή-

152 1283 257 1335 λους
301 1281 399 1336 μηδὲ
446 1282 713 1338 βλάπτεσθαι
761 1315 769 1323 .
809 1315 818 1324 .
856 1315 865 1323 .
914 1284 987 1325 οὐκ
1031 1287 1080 1332 ἧν
1127 1303 1163 1324 τι
1209 1283 1299 1324 καθ’
1347 1283 1463 1324 ἑαυτὸ
1507 1280 1766 1333 δικαιοσύνη,

153 1360 251 1403 ἀλλ’
282 1363 322 1402 ἐν
354 1366 444 1409 ταῖς
474 1361 558 1413 μετ’
590 1359 796 1409 ἀλλήλων
828 1366 1082 1415 συστροφαῖς
1103 1393 1111 1409 ,
1145 1361 1233 1402 καθ’
1267 1360 1496 1408 ὁπηλίκους
1528 1357 1669 1407 δήποτ’
1707 1359 1765 1400 ἀεὶ

151 1441 306 1488 τόπους
341 1442 524 1487 συνθήκη
556 1458 616 1487 τις
649 1440 747 1494 ὑπὲρ
780 1443 853 1480 τοῦ
885 1440 938 1492 μὴ
969 1437 1176 1493 βλάπτειν
1199 1436 1297 1490 μηδὲ
1318 1436 1601 1493 βλάπτεσθαι.
1648 1436 1698 1478 ‘H
1722 1438 1766 1479 ἆ-

153 1514 257 1558 Sucia
297 1517 346 1557 οὐ
389 1517 479 1557 καὲῑἼ
525 1517 671 1564 ἑαυτὴν
703 1517 850 1567 κακόν,
897 1514 994 1556 ἀλλ’
1027 1517 1068 1556 ἐν
1099 1519 1155 1570 τῷ
1191 1515 1288 1556 κατὰ
1319 1516 1394 1562 τὴν
1427 1515 1610 1568 ὑποψίαν
1642 1513 1767 1569 φόβῳ

153 1596 183 1635 εἰ
227 1595 281 1647 μὴ
327 1594 443 1642 λήσει
490 1596 588 1641 τοὺς
619 1595 717 1647 ὑπὲρ
750 1596 833 1634 τῶν
864 1594 1062 1633 τοιούτων
1095 1593 1368 1646 ἐφεστηκότας
1401 1590 1621 1643 κολαστάς.
1683 1592 1770 1633 Οὐκ

153 1670 235 1712 ἔστι
275 1672 348 1712 τὸν
388 1669 528 1726 λα’ἓρα
577 1689 612 1712 τι
658 1675 858 1712 ποιοῦντα
902 1670 959 1711 ὦν
992 1671 1211 1710 συνέθεντο
1243 1670 1351 1723 πρὸς
1383 1668 1602 1719 ἀλλήλους
1634 1671 1690 1717 εἷς
1721 1669 1767 1710 τὸ

151 1749 205 1800 μὴ
241 1746 447 1803 βλάπτειν
486 1747 583 1801 μηδὲ
624 1747 920 1803 βλάπτεσθαι,
965 1749 1166 1788 πιστεύειν
1198 1748 1258 1788 ὅτι
1289 1746 1428 1798 λήσει,
1478 1745 1552 1787 κᾶν
1583 1745 1766 1800 μυριάκις

153 1826 215 1867 ἐπὶ
246 1830 318 1866 τοῦ
349 1827 559 1880 παρόντος
593 1824 785 1880 λανθάνῃ
817 1837 825 1846 ·
861 1827 981 1880 μέχρι
1012 1825 1094 1879 γὰρ
1127 1830 1415 1878 καταστροφῆς
1447 1820 1607 1871 ἄδηλον
1638 1825 1668 1865 εἰ
1701 1826 1763 1865 καὶ

153 1901 271 1950 λήσει
291 1901 338 1955 3).

211 1978 331 2020 Haeo
377 1983 473 2019 sunt
514 1979 600 2019 fere
646 1992 752 2034 quae
800 1977 850 2019 de
881 1977 1069 2018 Lucretii
1098 1977 1247 2018 morali
1279 1976 1467 2017 doctrina
1499 1976 1674 2017 dicenda
1704 1976 1764 2017 vi-

155 2056 373 2097 debantur.
435 2056 576 2097 Pauca
606 2060 770 2096 tantum
803 2059 925 2108 sunt,
958 2068 1063 2110 quae
1095 2068 1151 2095 ex
1180 2054 1369 2107 magistri
1410 2053 1557 2094 ethicis
1587 2054 1631 2094 in
1661 2068 1765 2109 opus

155 2148 274 2174 suum
303 2133 506 2186 inseruit,
554 2133 626 2174 sed
658 2147 707 2173 ea
738 2133 908 2187 gravia,
940 2132 1000 2172 ita
1030 2136 1076 2172 ut
1107 2136 1237 2172 totam
1268 2131 1379 2171 illius
1409 2135 1595 2172 mentem
1627 2131 1764 2186 expri-

154 2215 283 2252 mant.
343 2211 515 2266 Epiouri
545 2211 714 2251 moralis
746 2210 933 2251 doctrina
963 2213 1112 2264 poetae
1145 2209 1261 2264 quasi
1292 2213 1380 2250 erat
1410 2208 1641 2262 refugium,
1684 2222 1764 2264 quo

155 2289 368 2343 religionis
413 2290 582 2329 timores
626 2293 847 2344 penetrare
891 2302 974 2328 non
1015 2291 1232 2342 poterant,
1281 2300 1374 2326 cum
1413 2285 1586 2341 physica
1628 2286 1766 2326 aditus

154 2367 338 2407 munitos
367 2371 542 2407 teneret.
590 2366 659 2407 Sic
690 2380 793 2422 pace
824 2365 1070 2418 fruebatur,
1121 2378 1246 2419 quam
1277 2363 1440 2404 animus
1470 2363 1764 2418 superstitione

156 2443 347 2485 turbatus
378 2444 559 2485 sitiebat.

200 2596 209 2615 ¹
347 2596 438 2626 1155.

215 2597 225 2636 )
270 2595 321 2634 V,

200 2658 225 2696 ²)
269 2657 319 2697 V,
345 2660 423 2689 1151
449 2668 536 2699 seqq.

200 2720 226 2760 3)
273 2719 314 2750 D.
338 2719 375 2751 L.
399 2719 453 2758 X,
479 2721 560 2757 150,
587 2720 657 2750 151.
