1894 3235
859 155 935 195 137

89 288 174 343 logi
204 288 291 329 fere
323 303 464 329 omnes
495 288 599 329 caeli
630 288 810 329 latebras
840 292 1013 343 possunt
1044 288 1325 342 perlustrare,
1374 286 1590 333 carerent,
1629 294 1699 321 ne-

90 380 169 421 que
200 366 243 406 in
274 366 397 407 rebus
417 365 723 406 mathematicis
746 365 967 406 admodum
989 365 1142 406 versati
1172 367 1310 405 essent
1329 395 1338 415 ,
1370 375 1453 401 non
1474 362 1699 415 potuerunt

90 456 113 484 e
155 447 217 484 tot
256 444 381 484 variis
411 443 641 484 rationibus
673 443 981 498 doctrinisque,
1028 452 1186 483 ceteras
1232 439 1531 489 excludenteS,
1572 449 1698 477 unam

89 521 218 562 solam
262 521 464 576 probare,
513 521 545 560 si
591 520 758 575 quidem
790 520 974 575 reliquae
1006 520 1155 560 rationi
1188 524 1229 560 et
1259 518 1367 559 notis
1398 513 1698 571 phaenomenis

89 598 219 639 nihilo
264 599 398 652 magis
437 598 727 653 repugnabant
755 596 794 643 ¹).
856 598 918 637 Ea
949 597 1183 637 constantia
1213 600 1379 646 tamen,
1412 597 1458 633 ut
1489 591 1696 641 vidimus,

89 689 171 716 non
202 675 442 730 prohibuit,
485 676 705 731 quominus
736 676 860 716 aliam
891 674 1216 730 explicationem
1248 672 1317 713 alii
1348 670 1630 726 praeferrent,
1664 667 1697 707 si

88 753 211 794 modo
241 754 355 793 nulla
387 753 694 793 excluderetur.
757 753 966 793 Scientiae
998 752 1204 792 rationem
1236 755 1276 790 et
1298 747 1548 804 principium
1571 744 1698 799 respi-

89 830 242 883 cienti,
288 830 397 870 inter
438 830 629 884 antiquos
670 829 867 884 Epicurei
908 828 1088 883 proximi
1120 835 1283 868 nostrae
1316 824 1465 866 aetatis
1496 821 1695 863 scientiae

88 912 131 949 et
161 908 278 963 quasi
309 908 452 948 affines
483 907 615 948 videri
647 907 800 947 debent
821 905 874 956 2ζ);
918 906 1017 961 quin
1048 906 1130 946 imo
1161 905 1204 944 in
1235 900 1535 959 Phaenomenis
1567 898 1698 953 expli-

88 985 230 1026 candis
260 985 471 1025 interdum
502 985 728 1025 multorum
761 984 1018 1024 saeculorum
1050 982 1187 1022 studia
1215 979 1566 1036 praesentiebant.

145 1064 347 1110 Quoniam
379 1063 429 1103 de
461 1062 710 1103 caelestibus
741 1061 981 1116 corporibus
1013 1060 1112 1101 satis
1145 1058 1373 1114 disputavit
1404 1060 1555 1111 poeta,
1587 1068 1696 1094 nunc

87 1140 195 1182 redit
230 1141 306 1193 „ad
335 1140 480 1181 mundi
512 1140 743 1180 novitatem
774 1144 815 1179 et
846 1139 988 1179 mollia
1021 1143 1158 1178 terrae
1190 1151 1316 1188 arva,
1348 1149 1456 1175 novo
1488 1133 1576 1174 fetu
1598 1131 1697 1187 quid

86 1219 267 1274 primum
312 1219 354 1259 in
399 1218 566 1259 luminis
612 1232 705 1258 oras
752 1217 899 1257 tollere
946 1220 987 1257 et
1036 1215 1206 1256 incertis
1252 1213 1406 1254 crerint
1437 1210 1696 1253 committere

86 1295 250 1337 ventis''
274 1294 318 1345 3).

148 1373 324 1426 „Merito
356 1377 591 1415 maternum
622 1386 773 1413 nomen
805 1372 957 1427 adepta
988 1371 1126 1412 terra’'
1160 1374 1244 1423 est,
1281 1383 1328 1422 „e
1360 1373 1471 1409 terra
1501 1365 1697 1422 quoniam

87 1456 183 1493 sunt
215 1456 364 1492 cuncta
395 1451 574 1492 creata’'.
636 1451 826 1491 Primum
856 1451 1025 1505 plantae
1057 1453 1152 1490 sunt
1184 1452 1325 1500 ortae,
1358 1451 1448 1487 tum
1483 1443 1698 1497 „mortalia

87 1530 265 1583 saecla”,
312 1543 464 1584 nempe
511 1529 696 1569 omnium
743 1542 945 1582 generum
990 1527 1198 1569 animalia.
1258 1526 1373 1566 Inter
1419 1537 1524 1579 quae
1556 1535 1698 1562 rursus

86 1620 185 1647 aves
229 1606 387 1661 primae
437 1619 539 1657 „ova
569 1605 863 1660 relinquebant
895 1604 1089 1644 exclusae
1122 1608 1311 1657 tempore
1343 1601 1513 1651 verno'’,
1547 1597 1696 1639 deinde

85 1683 236 1724 animal
270 1697 419 1735 omne,
456 1683 591 1738 „quod
621 1683 664 1723 in
695 1683 858 1737 magnis
888 1682 1116 1723 bacchatur
1145 1680 1346 1721 moutibu'
1380 1677 1576 1734 passim'’,
1608 1680 1697 1716 tum

85 1761 315 1802 humanum
346 1775 478 1816 genus
500 1761 544 1811 4).
577 1761 751 1802 Modum
771 1794 780 1814 ,
814 1775 894 1816 quo
926 1760 1119 1801 mortalia
1149 1759 1285 1800 saecla
1306 1762 1418 1798 terra
1437 1755 1619 1812 prodidit
1640 1754 1697 1794 sic

86 1839 278 1894 depinxit
308 1844 457 1894 poeta:
495 1839 675 1891 „multus
707 1839 817 1879 enim
850 1839 961 1880 calor
992 1842 1116 1893 atque
1138 1851 1257 1877 umor
1278 1835 1501 1890 superabat
1522 1834 1565 1873 in
1587 1832 1698 1874 arvis

89 1916 278 1970 „(avibus
327 1916 481 1970 natis),
528 1916 606 1957 hoc
646 1916 717 1957 ubi
750 1930 940 1972 quaeque
973 1915 1051 1956 loci
1082 1914 1199 1969 regio
1228 1917 1461 1969 opportuna
1498 1911 1697 1963 dabatur,

90 1994 357 2047 „crescebant
382 1993 491 2034 uteri
521 1998 676 2034 terram
708 1993 917 2034 radicibus
948 1993 1062 2048 apti3
1094 2006 1196 2047 quos
1231 1991 1304 2032 ubi
1327 1995 1514 2045 tempore
1535 1991 1698 2029 maturo

90 2071 371 2127 „patefecerat
397 2076 537 2112 aestus
564 2071 772 2112 infantum
791 2103 799 2123 ,
832 2071 997 2125 fugiens
1018 2083 1212 2110 umorem
1233 2081 1438 2123 aurasque
1459 2070 1698 2122 petessens,

91 2149 387 2203 „convertebat
412 2149 470 2190 ibi
492 2153 642 2190 natura
663 2148 866 2189 foramina
888 2152 1024 2189 terrae
1049 2152 1091 2188 et
1115 2161 1260 2188 sucum
1281 2146 1400 2187 venis
1417 2144 1592 2199 cogebat
1608 2143 1699 2183 fun-

130 2331 154 2374 ¹)
200 2331 307 2363 Nimis
339 2331 518 2372 praefracte
552 2330 696 2362 Zellerus
729 2329 820 2371 loqui
853 2329 1004 2367 videtur,
1041 2339 1115 2360 cum
1148 2327 1329 2368 Epicurum
1362 2327 1446 2358 hanc
1478 2326 1637 2358 rationem
1659 2326 1701 2356 ad

86 2398 188 2426 totam
221 2393 390 2436 physicam
423 2393 602 2425 doctrinam
624 2392 810 2424 adhibuisse
833 2392 939 2423 dicat:
988 2392 1030 2423 So
1053 2390 1261 2422 ausfiihrlich
1283 2389 1352 2421 sich
1374 2389 1472 2420 daher
1494 2388 1578 2420 auch
1601 2388 1700 2419 sehon

87 2456 215 2497 Epikur
248 2456 348 2488 selbst
380 2455 441 2487 mit
474 2457 530 2487 der
552 2455 678 2497 Physik
700 2454 915 2495 beschaftigte
929 2478 936 2492 ‚
972 2464 1006 2485 so
1030 2453 1137 2494 wenig
1160 2452 1242 2484 hielt
1264 2463 1298 2484 er
1320 2451 1402 2483 doch
1424 2451 1495 2483 eine
1519 2450 1702 2482 Sicherheit

87 2519 143 2550 der
164 2517 597 2549 naturwissenschaftlichen
619 2517 814 2557 Ergebnisse
836 2516 881 2547 im
905 2516 1087 2547 Einzelnen
1108 2516 1164 2546 fiir
1186 2514 1397 2555 nothwendig
1411 2538 1418 2552 ‚
1442 2515 1517 2545 oder
1539 2513 1623 2544 auch
1638 2524 1701 2543 nur

87 2581 142 2612 fiir
163 2581 324 2622 moglich,
359 2584 433 2612 cett.
459 2580 533 2618 ΠΙ,
573 2584 608 2618 1,
643 2590 717 2620 pag.
743 2582 813 2611 368.
862 2580 944 2611 Cum
967 2580 1006 2610 de
1029 2578 1178 2610 meteoris
1201 2578 1269 2619 agit
1291 2577 1454 2618 Epicurus
1476 2577 1605 2607 nullum
1626 2575 1698 2617 phi-

86 2644 257 2684 losophum
279 2642 464 2683 redarguit,
486 2642 551 2674 nisi
573 2642 631 2684 qui
653 2642 714 2673 diis
737 2643 908 2681 tribuunt,
933 2643 1019 2683 quod
1040 2642 1110 2682 ipsa
1132 2645 1248 2672 natura
1271 2640 1388 2672 efficit:
1421 2639 1455 2670 in
1478 2638 1592 2671 ceteris
1614 2638 1699 2680 phy-

87 2706 171 2738 sicae
208 2705 357 2746 partibus
397 2708 507 2736 tamen
549 2705 681 2736 eandem
718 2704 877 2736 rationem
918 2716 983 2736 non
1027 2704 1195 2746 sequitur3
1235 2703 1343 2744 plures
1379 2701 1588 2743 philosophos
1626 2711 1701 2732 eum

87 2768 243 2800 refellisse
265 2768 331 2798 iam
353 2767 654 2798 demonstravimus.
701 2767 742 2798 In
764 2767 804 2798 iis
827 2767 923 2798 rebus
950 2777 1077 2798 summa
1098 2765 1262 2798 evidentia
1284 2765 1466 2806 quaerenda
1488 2767 1546 2795 est.

129 2831 156 2871 ²)
202 2831 334 2870 Renan,
358 2829 536 2870 Dialogues
557 2829 673 2869 philos.
697 2839 771 2870 pag.
795 2831 853 2860 54:
879 2829 1013 2869 „l'ecole
1038 2828 1262 2869 epicurieune,
1290 2827 1323 2858 la
1345 2827 1465 2868 grande
1488 2825 1574 2857 ecole
1597 2824 1699 2856 scien-

87 2893 202 2935 tifique
225 2894 263 2925 de
285 2891 502 2934 l’antiquit63‘

130 2955 153 2994 3)
197 2955 254 2987 Vs.
280 2956 340 2989 780
365 2965 451 2996 seqq.

131 3018 157 3058 4)
203 3018 258 3050 Vs.
285 3020 344 3051 783
369 3028 456 3058 seqq.
472 3041 479 3055 ,
506 3019 566 3048 823
592 3027 679 3058 seqq.
