1894 3235
894 122 973 162 119

125 255 286 309 γομένῳ
310 254 333 302 ἢ
365 255 408 296 ἐν
439 253 582 295 στάσιν
614 255 754 309 ἔχοντι
771 287 779 295 .
806 286 814 295 .
836 285 845 294 .
870 258 1097 310 πανταχῶς
1118 253 1197 310 ’γαρ
1221 252 1423 309 ἐνδέχεται
1443 253 1485 306 ¹).
1528 253 1579 293 In
1601 256 1740 293 nostro

125 330 280 370 mundo
327 334 468 370 autem
509 329 645 385 λῆγον
692 331 786 372 οὐκ
818 331 927 372 ἔστι
962 331 1031 383 (τι)
1065 329 1403 373 καταλαβεῖν
1435 329 1481 378 (l.
1506 329 1564 378 l.).
1627 328 1740 382 Ergo

126 406 159 446 Si
204 406 480 462 Empedocles
521 407 651 447 solem
694 411 814 461 putat
862 409 941 448 ὑπὸ
984 415 1056 459 τῆς
1092 409 1367 463 περιεχούσης
1399 406 1528 448 αὐτὸν
1560 408 1737 460 σφαίρας

125 483 390 538 κωλυόμενον
414 485 512 540 ἄχρι
534 485 691 533 παντὸς
715 486 959 539 εὐθυπορεῖν
982 488 1044 526 καὶ
1068 486 1148 526 ὑπὸ
1171 489 1254 526 τῶν
1276 487 1483 539 τροπικῶν
1506 483 1669 525 κύκλων
1688 484 1739 536 ²),

124 561 331 616 Epicurus
363 575 458 602 eum
489 576 572 602 non
602 561 783 614 refellit,
816 576 912 602 nam
944 566 1083 616 potest
1112 561 1292 601 mundus
1324 561 1367 601 in
1398 560 1525 600 finem
1548 559 1738 600 desinere

125 638 326 679 densum:
360 639 393 679 si
423 639 530 680 alius
562 645 701 679 tamen
733 638 775 678 id
806 639 896 679 fieri
926 644 1053 693 negat
1075 643 1298 693 putatque,
1330 642 1377 678 ut
1397 637 1738 690 Anaximander,

124 716 286 757 caelum
327 719 366 758 ἐκ
396 720 578 768 πέμπτου
611 718 833 769 σώματος,
870 717 893 766 ἢ
926 719 966 758 ἐκ
997 721 1150 771 θερμοῦ
1184 720 1246 757 καὶ
1279 718 1447 771 ψυχροῦ
1478 718 1683 771 μίγματος
1707 713 1738 768 3)

125 799 342 846 constare,
385 808 520 849 neque
566 794 609 834 id
639 794 846 849 Epicurus
878 793 1063 847 negabit.
1125 793 1238 833 Num
1270 792 1479 847 Epicurus
1512 796 1553 832 et
1584 791 1740 832 Lucre-

124 872 206 912 tius
250 872 481 912 Xenocrati
502 873 533 925 4)
595 872 753 912 assensi
799 871 909 923 sint,
972 870 1160 911 censenti
1207 871 1309 912 κατὰ
1360 873 1455 923 μιᾶς
1503 871 1740 924 ἐπιφανείας

125 952 281 991 κεῖσθαι
328 950 399 1002 (sic
431 963 525 990 cum
572 949 751 990 Stobaeo
796 948 1023 1002 legendum
1054 952 1144 1001 est3
1192 947 1305 987 Plut.
1338 946 1465 987 habet
1497 947 1738 998 κινεῖσθαι),

123 1029 222 1078 τοὺς
269 1028 471 1082 ἀστέρας,
522 1041 575 1067 an
620 1026 863 1067 Democrito
910 1025 1143 1080 Stoicisque
1167 1027 1217 1077 ⁵),
1265 1024 1510 1079 putant-ibus
1541 1025 1623 1078 πρὸ
1655 1027 1739 1064 τῶν

125 1105 269 1159 ἑτέρων
319 1107 417 1155 τοὺς
468 1106 629 1158 ἑτέρους
679 1106 721 1145 ἐν
774 1104 862 1157 ὕψει
914 1106 976 1144 καὶ
1008 1102 1135 1158 βάθει
1166 1102 1323 1156 positos
1362 1115 1480 1154 esse,
1528 1115 1612 1141 non
1643 1114 1738 1141 con-

124 1184 218 1221 stat.
266 1205 318 1209 —
367 1181 501 1236 Supra
544 1181 628 1221 iam
673 1181 810 1220 locum
856 1179 1118 1220 laudavimus
1165 1179 1229 1232 (D.
1264 1179 1312 1219 L.
1347 1180 1440 1232 88),
1489 1191 1511 1218 e
1558 1191 1638 1233 quo
1669 1191 1739 1232 ap-

123 1262 242 1312 paret
312 1258 541 1313 Epicurum
611 1272 694 1298 non
766 1257 1002 1298 definivisse
1067 1264 1207 1297 utrum
1267 1257 1372 1297 caeli
1433 1255 1544 1297 orbis
1603 1259 1739 1296 verta-

122 1338 190 1375 tur
221 1349 274 1375 an
320 1349 418 1375 vero
460 1340 628 1375 maneat
659 1336 701 1374 in
732 1335 910 1375 statione
933 1339 973 1387 Ο).
1050 1334 1170 1374 Idem
1217 1334 1441 1375 Lucretius
1487 1347 1547 1373 vs.
1581 1334 1664 1374 510
1697 1336 1739 1373 et

122 1413 218 1452 517.
281 1412 325 1453 Si
367 1416 508 1454 autem
554 1426 730 1466 maguus
778 1412 882 1453 caeli
914 1412 1024 1452 orbis
1056 1412 1234 1452 vertitur
1260 1410 1316 1465 ἶ)7
1363 1416 1568 1452 astrorum
1599 1414 1738 1451 motus

122 1488 179 1529 sic
227 1489 431 1544 explicari
471 1494 657 1544 possunt.
719 1490 759 1529 1<
765 1503 785 1529 e
819 1489 1068 1529 dissolvatur
1098 1489 1301 1542 mundus,
1349 1502 1519 1530 necesse
1552 1492 1634 1541 est,
1683 1501 1738 1528 ex

120 1570 297 1622 utraque
343 1572 462 1622 part-e
494 1581 564 1608 aer
595 1577 757 1622 promat
788 1567 931 1622 polum
962 1567 1133 1619 mundi,
1181 1567 1267 1607 sive
1299 1566 1391 1606 axis
1421 1566 1547 1619 fines,
1581 1566 1737 1606 circum

120 1658 244 1700 quem
275 1645 469 1685 volvitur.
532 1644 591 1685 Ut
611 1644 714 1686 haec
732 1644 937 1685 revolutio
955 1657 1077 1698 porro
1095 1644 1189 1697 fiat,
1215 1643 1338 1684 tertio
1361 1657 1457 1683 aere
1490 1643 1576 1683 sive
1608 1647 1736 1683 vento

120 1737 222 1778 opus
240 1727 325 1774 est,
356 1723 426 1778 qui
447 1723 610 1764 medius
630 1724 740 1764 inter
761 1728 985 1778 utrumque
1007 1722 1150 1777 polum
1174 1735 1298 1776 supra
1316 1725 1450 1761 totum
1469 1721 1611 1761 orbem
1632 1721 1736 1760 fluat

119 1814 298 1856 eumque
316 1801 359 1841 in
377 1801 553 1842 eandem
569 1807 731 1856 partem
749 1801 910 1849 volvat,
929 1806 1054 1855 atque
1072 1799 1232 1840 aeterni
1249 1798 1393 1839 mundi
1412 1797 1547 1839 sidera
1564 1798 1735 1838 volvan-

119 1882 212 1931 tur,
245 1893 342 1919 nam
374 1892 423 1919 ea
457 1878 585 1919 totius
607 1878 711 1919 caeli
733 1878 842 1918 orbis
863 1878 1070 1918 rotatione
1092 1877 1136 1917 fit
1156 1909 1164 1930 ,
1196 1882 1242 1917 ut
1265 1876 1401 1917 sidera
1424 1890 1467 1917 se
1491 1876 1737 1916 circumvol-

118 1969 216 1995 vere
237 1955 469 1996 videantur.
488 1956 607 1996 Idem
625 1960 765 1996 tamen
782 1969 946 2010 quoque
965 1955 1055 1995 fieri
1072 1959 1232 2010 potest,
1261 1959 1301 1995 et
1318 1954 1360 1994 in
1379 1954 1555 1995 eandem
1572 1957 1736 2009 partem

119 2033 255 2073 sidera
286 2047 330 2073 se
362 2033 714 2086 circumvolvent,
747 2033 780 2073 si
811 2034 939 2073 alium
970 2043 1169 2085 ventum,
1201 2033 1244 2072 in
1276 2031 1503 2073 contrarias
1530 2035 1670 2087 partes
1691 2045 1734 2072 se

117 2117 385 2164 moventem,
424 2111 568 2152 subtus
599 2111 760 2151 caelum
793 2110 1039 2165 provolvere
1071 2110 1292 2150 statuimus
1314 2112 1354 2163 S).
1415 2109 1576 2150 Eodem
1606 2109 1735 2163 igitur

164 2284 188 2325 ¹)
237 2284 278 2315 D.
303 2285 340 2316 L.
365 2284 407 2315 X.
434 2286 483 2315 88.

160 2347 187 2388 2)
234 2347 321 2378 Plut.
345 2347 426 2388 plac.
453 2347 501 2378 ΙΙ.
528 2349 577 2378 23.
602 2347 643 2378 cf.
668 2347 728 2386 II,
757 2349 803 2377 11.

159 2409 184 2451 ³)
233 2409 320 2440 Plut.
352 2409 434 2450 plac.
460 2410 516 2448 II,
553 2420 621 2450 cap.
649 2412 702 2447 11,
737 2408 795 2440 ubi
825 2413 934 2440 tamen
957 2408 1089 2440 minime
1112 2412 1197 2440 recte
1219 2408 1279 2440 hoc
1304 2408 1461 2449 placitum
1484 2408 1653 2441 Aristoteli
1675 2409 1733 2440 tri-

116 2471 238 2503 buitur.
272 2471 429 2503 stobaeus
463 2472 705 2503 Anaximandro
738 2472 772 2503 id
805 2472 940 2503 tribuit:
974 2475 1068 2502 recte.
1104 2471 1144 2502 cf.
1183 2471 1343 2502 Miillach.
1376 2471 1415 2502 fr.
1455 2471 1606 2503 Anaxim.
1642 2472 1670 2504 Ι.
1700 2483 1731 2513 p.

118 2536 178 2565 240
202 2535 242 2565 fr.
268 2537 296 2565 2.

159 2597 184 2638 4)
232 2597 320 2628 Plut.
344 2597 424 2638 plac.
451 2598 488 2629 H
503 2622 510 2635 ‚
538 2600 585 2629 15.
622 2598 713 2629 Idem
736 2598 863 2630 censuit
885 2598 1148 2636 Anaximander,
1172 2597 1254 2638 plac.
1279 2597 1339 2636 II,
1367 2599 1414 2628 16.

159 2660 185 2701 5)
232 2659 270 2690 L.
294 2659 315 2690 l.
340 2659 436 2690 Lucr.
460 2659 499 2690 V.
524 2670 571 2690 vs.
597 2662 657 2690 623
682 2671 767 2701 seqq.

158 2722 182 2758 6)
229 2721 278 2753 Cf.
312 2726 476 2761 praeterea
510 2723 571 2752 92:
605 2722 666 2758 τάς
699 2734 730 2752 τε
764 2722 908 2760 κινήσεις
943 2724 1058 2754 αὐτῶν
1096 2721 1177 2763 (τῶν
1211 2721 1358 2763 ἄστρων)
1395 2723 1455 2753 οὐκ
1481 2722 1650 2755 ἀδύνατον
1673 2726 1732 2764 μὲν

117 2786 267 2827 γίνεσθαι
292 2785 375 2815 κατὰ
400 2785 462 2822 τήν
486 2787 544 2816 τοῦ
568 2786 648 2817 ὅλου
672 2786 817 2825 ούρανοῦ
842 2785 954 2824 δίνην,
994 2786 1013 2824 ἢ
1038 2785 1159 2817 τούτου
1183 2786 1242 2824 μὲν
1266 2786 1408 2822 στάσιν,
1433 2786 1545 2817 αὐτῶν
1569 2785 1599 2817 δὲ
1626 2786 1729 2825 δίνην.

159 2848 185 2890 7)
234 2847 327 2884 Quod
357 2848 598 2878 Anaximander
620 2847 711 2878 vult:
743 2848 825 2888 plac.
851 2848 888 2879 II
906 2872 913 2886 ,
948 2850 1007 2878 16:
1035 2846 1311 2888 Ἀναξίμανδρος,
1339 2847 1404 2880 ὑπὸ
1429 2852 1496 2879 τῶν
1520 2849 1652 2882 κύκλων
1676 2851 1732 2881 καὶ

117 2913 184 2942 τῶν
207 2913 354 2951 σφαιρῶν
378 2909 423 2951 ἐφ’
448 2909 494 2941 ὧν
517 2909 656 2947 ἕκαστος
682 2911 763 2948 (τῶν
786 2910 932 2951 ἄστρων)
957 2910 1099 2951 βέβηκε,
1125 2911 1280 2951 φέρεσθαι
1304 2912 1390 2940 astra
1411 2913 1515 2950 putat.

157 2972 184 3013 8)
233 2972 315 3003 Cum
340 2971 478 3002 Munroo
502 2971 648 3002 codicum
671 2971 841 3002 lectionem
864 2972 974 3012 probo.
1021 2971 1059 3002 V.
1085 2974 1242 3002 509—16.
