1894 3235
887 181 967 221 150

121 327 204 354 non
250 328 353 370 opus
394 318 469 356 est.
536 313 648 355 Satis
696 314 777 354 erit
821 313 857 355 si
903 314 1210 356 ostenderimus
1256 315 1502 357 Lucretium
1546 315 1735 370 magistri

121 391 276 446 placita
315 396 479 432 tantum
520 391 688 432 referre.
752 391 813 432 Ut
855 391 934 433 11οο
974 392 1118 433 videas
1154 393 1203 434 cf.
1236 407 1294 434 vs.
1330 394 1527 434 96—160
1558 408 1652 435 cum
1682 394 1735 435 D.

120 469 169 510 L.
202 469 257 510 X.
293 471 400 523 100,
432 483 492 510 vs.
529 470 751 510 161—322
775 483 869 510 cum
890 469 942 510 D.
966 470 1014 511 L.
1037 470 1091 511 X.
1121 472 1195 512 101
1223 476 1265 512 et
1292 472 1395 524 102,
1427 485 1487 512 vs.
1511 472 1735 513 323—378

121 560 215 588 cum
255 546 308 587 D.
341 547 388 588 L.
421 545 472 587 X.
510 548 617 599 103,
664 546 774 602 quod
805 561 898 587 cum
929 547 1077 588 feceris
1109 552 1151 589 et
1183 549 1226 589 in
1257 554 1443 590 mentem
1474 549 1737 590 revocaveris

122 623 295 679 Epicuri
327 624 524 679 epistolas
555 628 640 665 tres
672 637 816 665 eorum
848 630 1012 665 tantum
1044 639 1133 666 esse
1167 615 1394 681 epitomem
1428 626 1599 682 quaein
1621 626 1738 668 libris

125 701 346 742 XXXVII
377 705 468 757 περὶ
491 703 653 757 φύσεως
674 701 880 757 copiosius
904 703 1169 757 exposuerit,
1202 703 1364 758 patebit
1386 703 1631 744 Lucretium
1652 717 1736 744 non

123 793 198 820 sua
229 779 402 820 inventa
432 779 611 821 tradere.
673 780 881 835 Epicurus
911 779 1019 821 hanc
1041 785 1205 835 partem
1227 781 1438 822 doctrinae
1461 781 1576 823 hisce
1596 781 1736 823 verbis

119 856 331 898 concludit
350 858 402 910 ι)ῖ
434 861 498 900 καὶ
531 858 616 900 κατ’
648 857 811 910 ἄλλους
844 856 884 900 δὲ
916 859 1100 913 τρόπους
1132 858 1331 908 πλείονας
1363 858 1565 916 ἐνδέχεται
1597 878 1737 915 κεραυ-

120 937 220 984 νοὺς
267 934 578 985 ἀποτελεῖσθαι,
625 936 759 987 μόνον
792 938 814 977 ὁ
845 938 983 988 μῦθος
1024 937 1184 978 ἀπέστω
1219 949 1227 957 ·
1263 937 1431 979 ἀπέσται
1464 935 1527 987 δέ,
1574 938 1644 979 ἐάν
1675 956 1737 987 τις

119 1010 257 1063 καλῶς
297 1018 388 1060 τοῖς
439 1014 701 1067 φαινομένοις
741 1011 992 1054 ἀκολουθῶν
1033 1016 1122 1067 περὶ
1165 1016 1248 1055 τῶν
1289 1013 1462 1069 ἀφανῶν
1508 1018 1735 1068 σημειῶται.

117 1088 226 1130 Item
272 1089 495 1130 Lucretius
540 1094 634 1145 post
675 1090 912 1145 expositam
960 1090 1191 1132 doctrinam
1237 1096 1380 1133 monet
1425 1105 1478 1133 ne
1518 1092 1737 1134 credamus

118 1165 350 1222 Tyrrhenis
394 1167 647 1209 carminibus
693 1168 869 1224 aliisque
915 1168 1119 1209 eiusmodi
1150 1168 1496 1211 hariolationibus
1528 1170 1646 1226 quasi
1678 1170 1736 1211 dii

117 1244 215 1286 irati
246 1244 422 1286 fulmina
453 1245 704 1287 demittant:
736 1246 879 1288 inania
911 1251 1006 1287 sunt
1038 1246 1164 1301 haec,
1197 1261 1292 1288 cum
1322 1248 1414 1303 ipsa
1445 1247 1738 1303 phaenomena

117 1321 170 1362 iis
200 1328 438 1378 repugnent
454 1323 497 1376 2).
557 1322 723 1364 Deinde
764 1322 974 1378 Epicurus
1005 1328 1215 1379 presteres
1236 1325 1442 1381 quomodo
1464 1325 1567 1366 fiant
1589 1326 1737 1380 docet,

117 1398 231 1440 idem
271 1399 496 1441 Lucretius
535 1414 596 1441 vs.
639 1401 880 1442 423—450.
942 1401 1059 1449 Quae
1103 1406 1194 1443 tum
1234 1402 1347 1458 apud
1378 1416 1474 1444 eum
1506 1408 1738 1459 sequuntur

121 1477 172 1518 de
204 1477 385 1519 nubibus
415 1492 475 1519 vS.
509 1480 735 1532 451—94,
768 1478 819 1519 de
850 1479 994 1534 pluvia
1023 1493 1082 1520 vs.
1116 1479 1342 1521 495—526
1362 1513 1372 1533 ,
1404 1484 1451 1521 ut
1482 1494 1609 1536 supra
1630 1480 1737 1522 dixi-

116 1570 237 1610 muS,
279 1555 488 1612 Epicurus
533 1556 720 1612 explicat
759 1556 802 1597 in
845 1557 1022 1612 epistola
1063 1557 1115 1598 ad
1161 1557 1412 1613 Pythoclem
1453 1573 1618 1614 paragr.
1669 1560 1735 1601 99.

118 1633 236 1682 Quae
274 1634 325 1675 de
363 1640 499 1676 terrae
531 1635 713 1676 motibus
744 1635 982 1676 referuntur
1012 1651 1071 1677 vs.
1105 1638 1330 1678 535—607
1363 1637 1474 1692 apud
1505 1637 1737 1693 Epicurum

115 1712 306 1754 invenies
336 1713 363 1753 l.
396 1713 422 1754 l.
459 1715 552 1755 105.
612 1713 790 1755 Poctam
835 1719 976 1755 tamen
1023 1714 1135 1755 aliud
1183 1714 1355 1770 Epicuri
1403 1729 1506 1770 opus
1546 1719 1737 1757 secutum

117 1803 208 1831 esse
239 1804 364 1846 quam
397 1791 596 1846 epistolas
627 1796 804 1847 apparet
836 1805 891 1833 ex
921 1792 1041 1833 initio
1073 1791 1198 1833 huius
1220 1793 1351 1848 partis
1369 1826 1379 1846 ,
1413 1793 1483 1834 ubi
1506 1797 1618 1834 terra
1639 1793 1738 1835 dici-

116 1871 185 1909 tur
219 1873 388 1924 „supter
417 1869 520 1910 item
541 1874 589 1910 ut
609 1883 761 1925 supera
782 1870 966 1911 ventosis
987 1869 1172 1926 undique
1194 1870 1319 1925 plena
1340 1871 1550 1926 speluncis
1583 1872 1736 1925 (essc)”

116 1950 225 1988 cett.
263 1946 473 2003 „undique
505 1947 618 1989 enim
649 1947 829 1988 similem
860 1961 950 1989 esse
982 1948 1046 1989 sui
1077 1962 1144 1989 res
1166 1949 1350 2003 postulat
1371 1949 1462 2004 ipsa
1478 1947 1554 2003 3)”.
1615 1949 1736 1991 Haec

115 2028 328 2080 postrema
357 2025 487 2066 verba
518 2025 630 2066 enim
660 2025 881 2066 referenda
912 2029 1010 2066 sunt
1040 2025 1093 2067 ad
1123 2026 1262 2080 legem
1294 2026 1345 2067 de
1369 2029 1560 2083 ἰσονομίᾳ
1579 2060 1589 2080 ,
1612 2041 1737 2083 quam

115 2102 299 2159 Epicuro
339 2103 547 2158 placuisse
588 2103 734 2145 Cicero
780 2103 907 2144 refert
947 2104 991 2144 in
1032 2103 1149 2145 libris
1195 2104 1246 2145 de
1291 2104 1455 2146 Natura
1496 2104 1669 2146 deorum
1690 2104 1735 2156 ⁴).

116 2180 346 2222 Praeterea
363 2195 470 2237 quae
491 2181 604 2237 apud
620 2182 866 2223 Lucretium
889 2182 1095 2237 copiosius
1117 2196 1241 2238 quam
1262 2182 1305 2222 in
1327 2183 1504 2237 epistola
1522 2196 1738 2238 exponun-

115 2262 185 2300 tur
230 2273 286 2300 ex
334 2259 496 2301 Graeco
542 2260 657 2301 fonte
701 2260 826 2302 ducta
871 2274 961 2301 esse
1004 2260 1201 2301 coniicias
1233 2274 1287 2301 ex
1319 2261 1526 2316 exemplis
1557 2275 1595 2301 v.
1630 2262 1736 2315 585,

115 2350 241 2393 quem
282 2337 442 2378 fontem
487 2338 618 2394 ipsius
665 2338 839 2394 Epicuri
871 2339 1075 2394 scriptum
1106 2338 1275 2394 aliquod
1306 2353 1395 2380 esse
1427 2340 1643 2395 probabile
1675 2345 1738 2382 est

114 2428 163 2456 eo
195 2414 306 2470 quod
336 2415 568 2470 Epicurum
599 2416 770 2457 uberius
801 2416 852 2457 dc
883 2415 962 2457 hac
994 2417 1238 2472 quaestione
1271 2417 1515 2472 exposuisse
1546 2432 1672 2474 quam
1692 2418 1736 2460 in

115 2491 322 2547 epistola,
356 2497 533 2548 apparet
564 2506 619 2534 ex
651 2492 813 2535 Seneca
843 2497 927 2534 nat.
962 2498 1121 2549 quaest.
1154 2493 1232 2535 VI.
1265 2508 1353 2550 cap.
1387 2496 1441 2536 20
1462 2495 1507 2545 ⁵).

171 2569 396 2624 Ingeniose
427 2575 554 2626 poeta
583 2570 750 2612 Aetnae
783 2571 1016 2626 eruptionis
1044 2585 1189 2613 causas
1211 2572 1399 2627 exponit.
1459 2573 1577 2614 Inter
1598 2573 1737 2615 omnia

116 2647 254 2702 bona,
287 2648 440 2703 quibus
472 2648 644 2704 Epicuri
677 2649 865 2691 doctrina
895 2653 1056 2690 ceteras
1088 2663 1232 2691 omnes
1266 2651 1512 2706 superabat,
1543 2651 1622 2692 hoc
1647 2656 1737 2693 erat

162 2782 186 2823 ¹)
234 2780 275 2812 D.
300 2781 338 2813 L.
363 2780 406 2812 X.
432 2783 504 2813 140.

155 2843 184 2883 2)
229 2843 286 2876 Vs.
314 2844 495 2877 379-422,

155 2906 178 2943 ³)
225 2905 281 2939 Vs.
310 2907 382 2938 542.

156 2969 180 3006 ⁴)
226 2969 244 3001 1
261 2993 269 3008 ‚
294 2971 355 3000 50:
381 2969 585 3011 „aequabilis
606 2970 764 3002 tributio:
790 2974 828 3002 ut
850 2970 1000 3002 omnibus
1023 2970 1132 3003 omnia
1153 2970 1287 3012 paribus
1308 2971 1399 3013 paria
1421 2973 1669 3013 respondeant”.

158 3031 185 3072 ⁵)
231 3031 280 3062 Cf.
305 3031 391 3063 infra
413 3043 446 3072 p.
467 3035 536 3063 152.
