1894 3235
909 143 936 183 4

114 276 357 319 dialecticae
387 277 488 318 artis
518 277 650 330 natis,
683 277 850 317 illorum
881 277 1035 332 scripta
1066 290 1276 332 superare.
1338 276 1434 318 Non
1467 276 1519 318 ad
1549 281 1735 332 systema

112 355 285 410 Epicuri
317 354 390 396 sed
412 354 464 395 ad
487 354 682 405 formam,
715 367 797 408 qua
819 354 1095 408 exprimitur,
1129 354 1343 395 Ciceronis
1365 354 1495 394 verba
1514 354 1735 395 referenda

112 437 221 473 sunt.
283 431 327 473 Si
364 436 536 487 propter
568 432 698 486 ipsius
729 431 970 485 systematis
1008 431 1253 472 facilitatem
1284 431 1510 471 multitudo
1548 431 1600 472 ad
1634 431 1734 487 Epi-

112 510 199 551 curi
232 509 463 551 doctrinam
496 523 538 549 se
572 508 772 561 contulit,
806 522 879 548 cur
910 509 998 563 ipse
1031 509 1253 550 Lucretius
1280 509 1464 563 loquitur
1488 508 1538 549 de
1565 508 1735 560 „obseu-

111 588 167 629 ris
182 587 387 643 repertis’'
412 587 612 638 „obscura
631 585 680 626 de
699 586 771 626 re'’
790 585 881 638 (IV.
901 587 943 638 8)
964 619 973 638 ,
1006 588 1077 641 qui
1100 586 1352 626 contendere
1371 591 1508 641 potest
1527 601 1535 626 :
1563 586 1736 640 „volgus

111 665 308 706 abhorret
329 664 381 705 ab
405 663 543 704 hae''?
568 662 663 715 (IV.
687 664 774 715 20).
794 687 847 691 -—
870 662 1184 717 Argumentum
1217 677 1238 703 e
1272 663 1488 718 voluptate
1521 668 1734 718 sumptum

110 757 275 799 quoque
322 743 446 783 inane
496 745 570 782 est.
632 740 697 781 De
744 741 833 795 ipso
876 739 1060 795 Epicuro
1107 740 1253 782 Cicero
1287 741 1443 782 fatetur
1473 755 1556 781 non
1590 741 1734 795 negari

109 835 230 876 posse
278 834 373 861 eum
416 823 457 859 et
503 818 659 859 bonum
704 818 842 858 virum
885 822 927 858 et
959 831 1121 858 comem
1153 823 1194 858 et
1224 817 1455 859 humanum
1487 819 1614 859 fuisse
1637 822 1660 872 ¹)
1693 822 1736 859 et

109 903 256 954 postea
287 896 477 938 addidit:
515 896 629 951 „ipse
662 896 795 936 bonus
827 896 891 936 vir
922 895 1001 935 fuit
1034 901 1075 936 et
1107 896 1229 936 multi
1261 896 1459 951 Epicurei
1493 902 1533 937 et
1565 896 1736 937 fuerunt

110 981 152 1016 et
199 975 324 1016 hodie
371 979 467 1015 sunt
514 978 556 1015 et
602 973 646 1014 in
678 973 873 1014 amicitiis
905 973 1049 1014 fideles
1082 978 1123 1013 et
1155 973 1197 1013 in
1230 974 1341 1013 omni
1376 974 1462 1015 vita
1495 978 1735 1015 constantes

109 1058 151 1095 et
199 1067 348 1108 graves
394 1066 471 1093 nee
503 1052 720 1107 voluptate
753 1050 825 1092 sed
857 1050 991 1092 officio
1023 1051 1197 1092 consilia
1227 1051 1519 1092 moderantes'’
1543 1050 1594 1106 ²):
1628 1051 1734 1092 hane

108 1130 277 1172 laudem
325 1134 467 1171 autem
514 1128 579 1169 his
626 1128 766 1169 verbis
796 1128 977 1169 minuit:
1030 1127 1157 1179 „mihi
1190 1128 1388 1168 videntur
1417 1128 1554 1170 facere
1585 1128 1736 1169 melius

108 1222 234 1264 quam
268 1208 449 1249 dicere''.
499 1207 583 1248 Sed
614 1211 756 1248 tamen
789 1207 847 1247 sie
879 1220 1044 1262 quoque
1078 1212 1215 1247 errat:
1248 1221 1385 1262 neque
1419 1207 1530 1247 enim
1562 1206 1734 1262 Epicuri

109 1286 299 1328 doctrina
328 1285 526 1327 libidines
558 1290 601 1326 et
632 1285 844 1326 luxuriam
867 1285 1160 1326 commendare
1184 1285 1377 1326 videtin-1
1412 1287 1460 1328 οὐ
1483 1287 1564 1340 γὰρ
1586 1287 1734 1334 πότοι,

110 1364 274 1420 inquit,
315 1367 378 1406 καὶ
411 1367 538 1417 κῶμοι
570 1366 831 1418 συνείροντες
864 1362 952 1406 οὐδ’
984 1363 1237 1413 ἀπολαύσεις
1259 1363 1419 1406 παίδων
1441 1368 1501 1405 καῖ
1527 1367 1735 1419 γυναικῶν

110 1441 198 1485 οὐδ’
245 1444 410 1498 ἰχθύων
458 1445 520 1483 καὶ
562 1445 647 1483 τῶν
688 1441 859 1494 ἄλλων,
893 1444 970 1483 ὅσα
1003 1444 1109 1497 φέρει
1142 1441 1380 1490 πολυτελὴς
1411 1441 1621 1496 τράπεζα,
1661 1442 1735 1483 τὸν

110 1518 214 1569 ἡδὺν
251 1523 382 1576 ’γεννᾷ
412 1518 544 1574 βίον,
585 1518 699 1561 ἀλλὰ
731 1521 875 1574 νήφων
907 1519 1116 1573 λογισμὸς
1149 1522 1210 1560 καὶ
1244 1520 1319 1566 τὰς
1350 1521 1483 1566 αἰτίας
1515 1517 1736 1573 ἐξερευνῶν

109 1598 248 1650 πάσης
281 1599 474 1652 αἱρέσεως
507 1599 569 1638 καὶ
604 1603 740 1651 φυγῆς
773 1599 835 1638 καὶ
868 1595 942 1644 τιίς
975 1594 1103 1644 δόξας
1135 1594 1387 1647 ἐξελαύνων,
1419 1597 1487 1651 ἀφ’
1511 1598 1569 1638 ὧν
1591 1599 1732 1638 πλεῖσ-

108 1693 183 1723 τος
227 1674 302 1726 τάς
348 1673 491 1730 ψυχᾶς
540 1672 850 1728 καταλαμβάνει
895 1670 1171 1733 ‹?.‘‹54›11{.³›0c³).v
1227 1673 1277 1713 In
1323 1673 1510 1714 Lucretii
1552 1674 1735 1715 carmine

109 1765 247 1808 neque
280 1751 451 1792 luxuria
481 1764 619 1806 neque
650 1750 824 1790 lascivia
855 1749 1159 1803 defenduntur,
1192 1763 1328 1805 neque
1361 1750 1404 1790 in
1428 1751 1603 1791 aliorum
1626 1764 1732 1807 quae

109 1831 303 1871 novimus
343 1829 520 1884 scriptis.
584 1828 741 1876 Quodsi
774 1833 915 1868 tamen
948 1842 1103 1882 negare
1136 1828 1330 1869 nolumus
1362 1829 1472 1869 inter
1503 1828 1734 1884 Epicureos

107 1908 282 1950 fortasse
313 1908 456 1964 plures
487 1907 614 1948 fuisse
637 1906 802 1947 libidini
823 1906 1092 1961 indulgentes
1114 1921 1238 1962 quam
1260 1907 1371 1947 inter
1393 1907 1555 1948 Stoicos
1575 1940 1584 1960 ‚
1608 1906 1733 1948 huius

106 1986 169 2027 rei
205 1985 310 2028 haee
342 1990 405 2027 est
437 1999 562 2026 eausa
592 1998 704 2037 una,
747 1984 857 2040 quod
889 1984 1017 2026 Stoici
1051 1985 1212 2026 Romae
1244 1985 1450 2040 imprimis
1482 1985 1593 2026 inter
1624 1985 1735 2026 viros

109 2065 300 2106 excultos
345 2063 692 2115 inveniebantur,
738 2076 834 2103 eum
879 2062 1079 2117 Epicurei
1120 2061 1310 2102 homines
1357 2062 1543 2102 omnium
1592 2066 1733 2102 essent

109 2143 316 2184 ordinum.
379 2141 462 2183 Sed
493 2141 713 2197 pleraque,
747 2154 854 2196 quae
887 2140 937 2181 de
971 2140 1181 2180 dissolutis
1213 2139 1517 2194 Epicureorum
1547 2139 1734 2180 moribus

109 2220 327 2273 dicuntur,
367 2219 419 2260 ad
450 2219 598 2259 inanes
629 2218 807 2259 redeunt
840 2231 1052 2258 rumores:
1087 2217 1186 2273 quin
1219 2217 1353 2271 etiam
1379 2222 1475 2258 sunt
1497 2217 1567 2272 qui
1589 2230 1733 2258 eorum

107 2311 244 2339 mores
274 2296 476 2349 laudent,
508 2302 556 2337 ut
588 2295 794 2350 Origenes
816 2298 875 2348 4),
909 2295 978 2350 qui
1011 2295 1111 2336 dicit
1143 2294 1382 2335 adulterum
1414 2294 1524 2335 inter
1556 2307 1626 2335 eos
1649 2308 1732 2335 non

107 2375 317 2428 inveniri,
379 2373 489 2430 quod
540 2373 697 2429 optime
748 2373 942 2427 congruit
992 2387 1087 2413 cum
1140 2373 1271 2428 ipsius
1322 2372 1511 2427 magistri
1563 2372 1730 2413 verbis:

112 2455 301 2509 »γυναικί
341 2451 376 2493 τ’
410 2453 459 2494 οὐ
490 2453 739 2507 μιγήσεσθαι
771 2452 846 2492 τὸν
879 2452 1016 2506 σοφὸν
1049 2449 1070 2506 ᾗ
1103 2453 1141 2492 οἱ
1174 2452 1294 2502 νόμοι
1325 2449 1662 2505 ἀπαγορεύουσιν
1685 2451 1731 2504 5).

109 2530 245 2585 Saepe
278 2529 643 2571 confundebantur
675 2542 770 2569 cum
792 2528 1035 2583 Cyrenaicis
1056 2531 1084 2578 ⁰)
1118 2532 1160 2568 et
1181 2527 1375 2583 Cynicis:
1409 2531 1630 2582 praeterea
1648 2541 1730 2569 vox

153 2706 177 2746 ¹)
223 2706 262 2737 de
286 2704 360 2737 Fin.
386 2704 434 2736 II.
463 2705 521 2742 15,
547 2705 598 2735 49.

150 2768 176 2808 ²)
223 2768 262 2799 de
286 2767 359 2799 Fin.
385 2767 433 2799 ΙΙ.
459 2769 520 2805 25,
546 2769 596 2798 81.

150 2833 173 2868 ³)
220 2830 262 2862 D.
287 2830 324 2861 L.
349 2830 391 2861 X.
420 2831 490 2861 132.

150 2894 176 2936 ⁴)
224 2893 345 2925 Contra
368 2892 508 2924 Celsum.
532 2892 615 2924 VII.
639 2902 670 2933 p.
696 2893 768 2925 375.

151 2956 176 2997 ⁵)
226 2955 267 2987 D.
292 2955 330 2987 L.
354 2955 398 2986 X.
423 2957 485 2994 26,
515 2956 582 2987 118.

149 3018 172 3056 ⁶)
219 3019 316 3050 Tusc.
341 3018 390 3050 ΙΙ.
414 3020 452 3057 6,
479 3020 527 3050 15.
574 3017 670 3059 Diog.
695 3018 733 3049 L.
760 3018 808 3050 II.
834 3020 864 3049 8.
