1894 3235
859 123 936 161 133

97 256 143 296 τὸ
185 253 225 296 δὲ
267 256 413 309 ἀραιὸν
449 258 511 296 καὶ
543 256 589 295 τὸ
622 254 814 310 χαλαρὸν
846 255 968 307 (οὕτω
999 273 1090 303 πως
1121 255 1333 307 ὀνομάσας
1367 257 1428 296 καὶ
1461 259 1520 309 τιᾷ
1545 253 1707 309 ῥήματι)

96 333 264 385 θερμόν.
324 331 519 372 Alterum
566 331 781 372 Heraclito
829 331 1096 372 tribuendum
1139 339 1212 372 est.
1274 331 1428 372 Docuit
1470 330 1582 371 611111]
1613 344 1707 371 eva-

95 409 332 463 porationes
376 422 430 449 ex
472 413 582 449 terra
613 409 703 448 fieri
738 414 779 449 et
809 410 942 461 mari,
989 410 1091 450 alias
1123 409 1291 465 quidem
1323 408 1482 450 lucidas
1514 413 1556 449 et
1586 408 1707 463 liqui-

97 485 191 539 das,
237 486 339 526 alias
379 500 477 526 vero
511 487 705 527 occultas.
766 486 806 527 A
838 487 987 527 lucidis
1017 487 1188 541 ignem,
1231 501 1255 528 a
1284 486 1456 542 reliquis
1488 485 1707 526 humorem

94 564 351 605 incrementa
381 578 541 619 capere.
606 564 772 605 Priores
804 565 900 605 illae
933 574 1027 605 sunt
1059 565 1201 619 ignes,
1235 579 1337 620 quos
1370 564 1592 605 Lucretius
1622 577 1707 604 me-

94 646 227 682 morat
257 655 315 681 15.
350 642 431 682 660
464 650 504 681 et
538 643 640 693 702,
689 641 757 697 qui
790 642 974 696 quotidie
1006 656 1162 682 novum
1193 642 1325 683 solem
1358 641 1544 682 efficiunt
1567 639 1617 694 ¹),
1649 641 1707 681 al-

95 722 209 759 terae
251 719 380 759 solem
412 719 670 760 occidentem
703 720 970 773 extinguunt.
1032 720 1162 760 Porro
1197 719 1296 759 dicit
1329 719 1438 760 diem
1469 723 1511 759 et
1541 722 1707 759 noctem

94 801 136 837 et
166 810 332 837 111611565
363 801 404 837 et
435 801 706 851 tempestates
738 806 779 837 et
811 811 940 838 annos
971 797 1194 837 secundnm
1226 797 1533 850 evaporationes
1563 796 1707 836 ‘varias
1751 844 1756 846 ‚

93 874 213 927 fieri,
260 874 370 929 quod
413 874 463 915 de
505 884 663 916 aestate
711 882 752 915 et
798 874 936 916 11161116
968 875 1025 915 516
1058 875 1268 929 explicat:
1316 878 1403 926 „scat
1446 876 1485 916 ἐκ
1524 877 1597 927 μὲν
1632 878 1706 915 τοῦ

93 952 286 1007 λαμπροῦ
318 953 364 993 τὸ
397 954 551 1006 θερμὸν
584 952 868 1005 αὐξανόμενον
900 955 1024 1008 θέρος
1056 958 1213 1001 ποιεῖν,
1247 955 1287 994 ἐκ
1319 951 1358 994 δὲ
1390 956 1463 994 τοῦ
1496 955 1706 994 σκοτεινοῦ

91 1031 138 1071 τὸ
173 1031 304 1085 ὑγρὸν
337 1029 573 1078 πλεονάζον
606 1035 784 1085 χειμῶνα
818 1030 1125 1086 ἀπεργάζεσθαι
1145 1061 1153 1070 .
1191 1029 1440 1081 ἀκολούθως
1472 1027 1511 1071 δὲ
1543 1031 1705 1079 τούτοις

92 1111 154 1149 καὶ
201 1111 291 1162 περὶ
338 1111 421 1149 τῶν
462 1107 608 1149 ἄλλων
650 1108 877 1161 αἰτιολογεῖ
897 1106 940 1161 2),
1001 1108 1245 1148 Lucretium
1275 1112 1417 1148 tamen
1448 1121 1502 1148 ex
1533 1106 1705 1162 Epicuri

92 1184 256 1239 scriptis
287 1184 454 1225 haurire
485 1185 670 1239 potuisse
703 1185 833 1225 conici
865 1190 1003 1239 potest
1035 1199 1088 1225 ex
1119 1185 1170 1225 D.
1204 1185 1252 1225 L.
1284 1185 1338 1225 X.
1373 1186 1453 1238 98,
1493 1185 1570 1225 etsi
1600 1184 1704 1225 haec

92 1262 143 1303 ob
190 1262 439 1303 brevitatem
469 1262 607 1302 minus
638 1267 734 1302 sunt
766 1261 973 1302 dilucida:
1021 1265 1124 1312 μήκη
1157 1266 1316 1305 νυκτῶν
1348 1266 1410 1305 καὶ
1443 1264 1603 1318 ἡμερῶν
1634 1281 1706 1304 πα-

89 1339 337 1396 ραλλάττειν
378 1343 440 1382 καὶ
472 1341 582 1394 παρὰ
614 1340 660 1381 τὸ
693 1343 861 1391 ταχείας
897 1340 1016 1388 ἡλίου
1049 1342 1230 1390 κινήσεις
1262 1343 1452 1396 γίνεσθαι
1484 1344 1545 1382 καὶ
1578 1339 1706 1382 πάλιν

89 1415 292 1473 βραδείας
334 1419 433 1472 ὑπὲρ
475 1424 555 1472 ’γῆς
595 1418 704 1472 παρὰ
738 1419 785 1458 τὰ
816 1420 920 1470 μήκη
951 1419 1094 1459 τόπων
1126 1417 1476 1472 παραλλάττοντα
1497 1430 1506 1439 ·
1548 1421 1611 1459 καὶ
1642 1419 1706 1459 τό·

89 1513 196 1543 πους
228 1495 342 1546 τινὰς
374 1497 643 1549 περαιοῦσθαι
674 1496 823 1550 τάχιον
856 1495 878 1543 ἢ
911 1499 972 1536 καὶ
1005 1493 1295 1550 βραδύτερον,
1328 1495 1383 1543 ὡς
1407 1498 1470 1536 καὶ
1493 1495 1586 1546 παρ’
1608 1495 1705 1548 ἡμῖν

89 1591 178 1614 τινα
210 1576 442 1627 θεωρεῖται,
475 1575 538 1623 οἷς
571 1574 804 1627 συμφώνως
837 1571 895 1614 δεῖ
924 1573 1060 1628 λέγειν
1092 1575 1155 1614 ἐπὶ
1189 1576 1270 1614 τῶν
1300 1573 1524 1626 μετεώρων.

146 1649 324 1690 Formae
375 1649 462 1690 5116
512 1649 765 1689 mutationes
815 1649 938 1690 lunae
989 1648 1054 1689 his
1103 1654 1277 1704 possunt
1323 1649 1457 1690 modis
1488 1649 1702 1704 explicari.

89 1727 279 1768 Primum
325 1727 423 1767 luna
469 1727 579 1782 pilae
626 1726 771 1767 similis
817 1730 859 1767 et
888 1726 998 1767 inter
1030 1731 1184 1767 terram
1216 1731 1257 1767 et
1288 1727 1418 1768 solem
1449 1726 1586 1782 posita
1615 1740 1704 1766 mu-

88 1808 206 1845 tuata
241 1819 265 1845 a
296 1804 382 1845 sole
414 1805 506 1845 luce
538 1809 678 1859 potest
708 1804 858 1856 nitere,
892 1808 933 1844 et
964 1818 1038 1859 pro
1071 1804 1270 1845 distantia
1300 1818 1324 1845 a
1355 1804 1440 1845 sole
1471 1803 1608 1844 varias
1624 1803 1704 1844 for-

87 1896 176 1922 mas
231 1882 434 1937 praebere
453 1915 462 1933 ,
516 1882 645 1922 donec
703 1896 724 1921 6
780 1882 952 1936 regione
999 1882 1075 1923 soli
1126 1886 1189 1922 est
1245 1882 1438 1937 opposita
1488 1886 1530 1922 et
1579 1881 1703 1937 pleno

86 1960 244 2001 lumine
289 1960 423 2014 fulget
444 1961 501 2013 3),
542 1974 667 2015 quam
709 1960 1033 2014 explicationem
1064 1959 1269 2015 imprimis
1298 1959 1540 2000 Democrito
1572 1959 1703 2000 tribu-

85 2037 236 2079 endam
267 2052 357 2079 esse
389 2052 618 2079 censemus.
680 2038 821 2078 Esiam
852 2038 942 2078 fieri
973 2042 1138 2093 potest,
1175 2042 1218 2078 ut
1248 2038 1416 2093 proprio
1448 2037 1607 2078 lumine
1639 2037 1702 2078 ni-

85 2121 199 2170 teat,
242 2130 336 2157 cum
366 2115 524 2157 formae
557 2116 646 2157 eius
678 2117 881 2171 explicari
913 2117 1074 2171 possint
1105 2130 1181 2169 eo,
1225 2116 1334 2171 quod
1366 2116 1565 2157 obscurus
1595 2116 1702 2157 alius

84 2194 232 2249 globus
278 2195 432 2235 circum
479 2193 660 2234 lucidam
706 2194 848 2234 lanam
895 2208 939 2235 se
984 2194 1158 2235 volvens
1204 2193 1326 2234 modo
1365 2194 1501 2234 varias
1532 2197 1700 2248 partes,

84 2272 206 2313 modo
254 2277 411 2326 totam,
458 2272 580 2313 modo
622 2272 725 2312 nihil
773 2273 992 2325 obscurat,
1041 2272 1151 2327 quod
1197 2286 1347 2327 corpus
1383 2276 1525 2313 tamen
1556 2271 1700 2312 videre

85 2365 168 2391 non
198 2365 419 2406 possumus
446 2351 544 2406 quia
564 2351 722 2391 lumine
746 2355 859 2391 caret
881 2349 924 2403 4).
957 2351 1098 2391 Tertio
1116 2351 1205 2391 1060
1228 2350 1375 2391 Berosi
1394 2350 1581 2391 doctrina
1601 2363 1702 2391 vera

86 2441 176 2469 esse
207 2432 344 2483 potest
376 2427 589 2481 docentis,
620 2432 668 2468 ut
699 2428 769 2468 alii
801 2441 964 2483 quoque
998 2427 1200 2469 Chaldaei
1221 2430 1278 2480 5),
1320 2427 1463 2468 lunam
1495 2441 1583 2468 esse
1614 2427 1700 2481 glo-

84 2506 212 2559 bum,
259 2506 376 2547 cuius
416 2506 548 2547 altera
592 2520 687 2561 pars
719 2506 772 2546 sit
803 2506 968 2559 lucida,
1016 2506 1148 2547 altera
1179 2512 1320 2547 autem
1353 2506 1555 2560 obscura,
1605 2520 1700 2547 cum

128 2679 150 2717 ¹)
198 2676 297 2708 Arist.
322 2676 456 2708 Meteor.
481 2676 544 2714 ΙΙ,
569 2678 608 2714 2,
635 2678 718 2715 355,
742 2687 782 2715 a,
810 2679 858 2708 12.

127 2740 154 2783 ²)
202 2739 298 2781 Diog.
322 2740 360 2771 L.
384 2739 456 2778 IX,
482 2742 524 2778 1,
549 2741 567 2769 9
584 2763 592 2778 ,
619 2741 680 2777 10,
707 2742 754 2771 11.

127 2803 154 2844 ³)
198 2802 255 2834 Vs.
281 2803 439 2835 705—14.

127 2865 154 2907 4)
201 2865 257 2896 Vs.
283 2866 439 2898 715-19.

126 2928 152 2970 ⁵)
201 2927 380 2960 Cleomedis
401 2926 458 2958 lib.
484 2929 502 2958 2
536 2937 604 2967 cap.
630 2929 659 2957 4.
705 2925 851 2958 Vitruvii
873 2926 929 2958 lib.
955 2928 972 2957 9
997 2937 1066 2968 cap.
1092 2930 1121 2958 4.
1168 2927 1217 2959 Cf.
1243 2926 1401 2959 Gassendi
1425 2926 1596 2958 Animadv.
1619 2929 1696 2959 tom.

86 2991 134 3023 ΙΙ.
158 3001 231 3032 pag.
257 2992 328 3022 862.
