1894 3235
946 104 997 143 76

160 236 407 278 mortalibus
466 237 659 291 coniungi
713 250 846 292 posse.
926 237 1119 293 „Quippe
1171 237 1331 278 etenim
1380 238 1556 279 mortale
1606 242 1777 280 aeterno

165 314 343 369 iungere
390 319 431 356 et
476 329 561 356 una
601 315 838 356 consentire
887 320 1035 370 putare
1068 320 1109 355 et
1141 315 1259 370 fungi
1290 320 1436 357 mutua
1466 330 1585 371 posse
1618 316 1778 372 desipe—

160 396 273 433 rest:
321 393 419 449 quid
461 393 572 433 enim
618 392 823 433 diversius
870 406 959 433 esse
1005 393 1278 448 putandumst
1318 397 1390 434 aut
1427 393 1563 448 magis
1594 394 1703 435 inter
1734 408 1777 435 se

162 469 415 511 disiunctum
462 469 845 524 disorepitansque,
899 484 1022 525 quam
1068 471 1243 511 mortale
1291 470 1401 526 quod
1447 474 1509 511 est
1555 471 1778 513 immortali

165 550 290 602 atque
321 547 495 602 perenni
526 546 715 587 iunctum
746 546 788 586 in
821 546 995 587 concilio
1028 560 1173 587 saevas
1205 547 1385 588 tolerare
1417 547 1684 602 procellas”?
1708 547 1743 601 ¹).

222 624 398 680 Saepius
429 625 511 665 iam
543 624 701 664 dictum
733 628 795 665 est
816 623 894 665 hoc
912 624 1176 679 potissimum
1200 625 1336 679 egisse
1359 625 1588 680 Epicureos
1610 629 1652 666 et
1673 624 1780 667 hanc

163 701 214 743 ob
261 715 350 743 rem
390 702 519 743 solam
565 706 725 743 tantam
768 716 837 743 eos
882 701 1044 743 dedisse
1077 716 1248 757 operam
1280 707 1454 744 naturae
1487 703 1649 756 studio,
1680 707 1727 744 ut
1757 717 1781 744 a

162 780 308 820 mortis
338 784 454 821 metu
483 779 674 821 homines
706 780 945 821 liberarent.
1005 780 1075 821 Ad
1105 780 1217 821 hunc
1248 780 1374 821 finem
1395 780 1624 835 petendum
1648 780 1782 821 omnis

162 858 399 914 pertinebat
447 858 744 899 demonstratio
791 858 842 899 de
884 858 1011 899 animi
1043 858 1311 899 mortalitate.
1376 858 1457 899 Sed
1488 858 1565 900 hoc
1596 858 1782 900 nondum

163 937 262 977 satis
294 950 383 977 esse
415 936 661 978 videbatur:
695 942 814 978 erant
845 937 1013 992 plures,
1047 950 1153 992 quae
1186 936 1289 977 solvi
1321 937 1389 977 vel
1418 936 1550 978 refelli
1575 937 1783 978 debebant

164 1013 442 1056 difficultates.
504 1015 565 1056 Ut
597 1029 666 1057 eas
697 1029 861 1071 quoque
893 1018 1144 1067 amoveant,
1177 1014 1310 1056 multa
1347 1014 1526 1055 afferunt
1557 1019 1599 1056 et
1629 1014 1782 1070 Epicu-

163 1106 233 1132 rus
281 1096 323 1133 et
368 1092 591 1133 Lucretius
637 1097 913 1147 argumenta,
961 1106 1067 1148 quae
1114 1092 1225 1148 apud
1279 1096 1505 1148 utrumque
1556 1093 1642 1134 fere
1688 1097 1784 1134 sunt

164 1170 323 1211 eadem.
385 1170 538 1212 Omnia
583 1171 636 1212 ad
678 1171 786 1212 hanc
833 1172 1084 1212 sententiam
1130 1170 1351 1212 referenda
1396 1175 1520 1211 sunt:
1572 1171 1784 1223 7,συνέὲῑιζέ

165 1246 258 1290 δ’ἐν
303 1252 361 1305 τῷ
406 1249 589 1302 νομίζειν
633 1252 763 1301 μηδὲν
805 1250 913 1302 πρὸς
954 1251 1062 1301 ἡμᾶς
1094 1249 1194 1292 εἶναι
1224 1250 1299 1290 τὸν
1331 1251 1543 1300 θάνατον,
1589 1251 1670 1291 ἐπεὶ
1701 1252 1784 1292 πᾶν

165 1328 331 1382 ἀγαθὸν
373 1330 436 1369 καὶ
475 1327 600 1369 κακὸν
633 1329 674 1369 ἐν
706 1329 921 1376 αἰσθήσει,
974 1330 1164 1380 στέρησις
1197 1325 1230 1369 δ’
1249 1329 1359 1369 ἐστὶν
1391 1329 1624 1376 αἰσθήσεως
1655 1329 1677 1369 ὁ
1709 1327 1786 1369 &6-

168 1423 294 1453 υατος
311 1405 358 1458 2).
419 1404 525 1446 Cum
566 1408 707 1445 autem
751 1405 891 1446 animo
924 1404 1126 1445 dissoluto
1159 1419 1283 1445 sensu
1315 1418 1558 1457 careamus,
1605 1418 1688 1445 non
1719 1419 1784 1446 su-

163 1497 278 1536 mus,
325 1497 422 1524 nam
469 1484 705 1524 coniunctio
738 1483 922 1538 corporis
953 1487 995 1524 et
1025 1483 1153 1524 animi
1187 1483 1274 1524 sola
1304 1483 1402 1524 facit
1433 1482 1660 1524 hominem.
1723 1484 1781 1526 Τὸ

170 1559 499 1617 φρικωδέστατον
532 1562 608 1603 οὗν
654 1564 738 1604 τῶν
770 1564 905 1603 κακῶν
938 1564 960 1603 ὁ
993 1562 1179 1609 ,θάνατος
1211 1561 1336 1603 οὐδὲν
1367 1562 1476 1616 πρὸς
1507 1563 1614 1614 ἡμᾶς
1634 1594 1642 1610 ,
1688 1563 1785 1603 ἐπει-

165 1637 290 1694 δήπερ
340 1641 440 1681 ὅταν
485 1643 558 1692 μὲν
599 1641 714 1688 ἡμεῖς
761 1638 894 1691 ὦμεν,
943 1641 964 1680 ὁ
997 1639 1182 1690 θάνατος
1215 1639 1264 1680 οὐ
1296 1640 1495 1693 πάρεστιν
1515 1652 1522 1660 ·
1570 1641 1671 1681 ὅταν
1704 1637 1738 1682 δ’
1762 1642 1784 1681 ὁ

163 1718 349 1765 θάνατος
395 1721 533 1773 παρῇ,
579 1718 670 1759 τόθ’
699 1718 813 1769 ἡμεῖς
845 1717 920 1758 οὐκ
950 1718 1068 1770 ἐσμέν
1087 1748 1096 1756 .
1130 1715 1214 1758 οὔτ’
1246 1715 1322 1758 οὖν
1353 1717 1460 1771 πρὸς
1493 1719 1591 1768 τοὺς
1622 1716 1785 1768 ζῶντας

166 1796 276 1837 ἐστὶν
318 1794 410 1838 οὔτε
456 1797 566 1849 πρὸς
610 1797 710 1844 τοὺς
753 1795 1089 1844 τετελευτηκότας
1131 1792 1343 1850 ἐπειδήπερ
1375 1797 1465 1849 περὶ
1498 1793 1574 1843 οὓς
1603 1798 1678 1847 μὲν
1709 1795 1784 1837 οὐκ

164 1873 303 1927 ἔστιν,
336 1876 374 1916 οἱ
407 1871 442 1916 δ’
465 1874 595 1916 οὐκέτι
627 1876 730 1916 εἰσίν
748 1872 795 1927 ²³).

222 1951 317 1992 Hae
359 1951 592 1992 sententiae
633 1966 658 1992 a
688 1951 884 1992 Lucretio
916 1964 1038 2006 porro
1068 1950 1344 1991 illustrantur.
1404 1950 1602 1991 Pericula
1631 1954 1674 1992 et
1704 1950 1781 1991 mi-

164 2029 297 2070 seriae
329 2034 565 2085 temporum
597 2029 919 2085 praeteritorum
951 2028 1083 2069 veluti
1115 2041 1281 2080 eorum,
1315 2027 1466 2083 quibus
1488 2028 1599 2069 bella
1621 2028 1785 2070 Punica

165 2107 419 2161 gerebantur
450 2122 524 2148 nos
556 2122 638 2148 non
670 2111 843 2162 angunt,
876 2106 974 2162 quia
1005 2105 1190 2146 nondum
1222 2118 1414 2146 eramus:
1463 2106 1522 2146 ita
1553 2119 1658 2161 quae
1691 2110 1784 2161 post

164 2190 341 2226 mortem
388 2190 573 2226 nostram
619 2186 745 2238 fient,
793 2185 920 2226 etiam
956 2184 1014 2237 „si
1047 2188 1159 2224 terra
1189 2183 1293 2224 mari
1324 2183 1566 2224 miscebitur
1598 2188 1640 2224 et
1669 2197 1784 2225 mare

164 2263 308 2304 coelo⁷'
355 2263 458 2304 nihil
505 2268 601 2304 sunt
647 2263 699 2304 ad
729 2277 826 2316 nos,
859 2263 929 2318 qui
971 2267 1059 2303 tum
1091 2276 1173 2302 non
1207 2260 1423 2311 0111111134).
1485 2261 1616 2302 Porro
1652 2264 1719 2314 „et
1750 2261 1783 2302 si

168 2341 251 2382 iam
293 2346 435 2382 nostro
469 2342 595 2382 sentit
628 2341 678 2382 de
710 2355 909 2397 corpore,
952 2345 1175 2396 postquam
1206 2339 1465 2392 distractast,
1506 2339 1635 2380 animi
1665 2343 1784 2381 natu-

213 2544 234 2586 ¹)
281 2543 336 2575 Vs.
363 2545 541 2575 800—805.
587 2543 643 2576 Vs.
678 2545 846 2575 806—818
882 2543 946 2574 huc
980 2554 1045 2575 non
1081 2543 1263 2575 referendos
1287 2553 1356 2574 esse
1378 2545 1464 2574 recte
1487 2542 1628 2574 ostendit
1650 2542 1783 2575 Lachm.

167 2607 317 2639 Ceterum
349 2607 406 2638 vix
437 2608 531 2639 credo
565 2618 612 2639 vs.
649 2609 794 2639 818—29
823 2618 881 2639 suo
914 2607 984 2638 loco
1007 2606 1140 2647 scriptos
1164 2617 1253 2644 esse,
1287 2617 1361 2638 cum
1384 2606 1572 2647 languidam
1596 2606 1784 2638 contineant

166 2670 389 2711 repetitionem
425 2674 707 2712 argumentorum,
741 2681 823 2712 quae
856 2670 921 2701 iam
959 2669 1086 2710 saepius
1120 2673 1196 2701 sunt
1230 2673 1386 2701 tractata:
1412 2669 1508 2701 etiam
1532 2680 1644 2701 versus
1667 2671 1727 2701 805
1751 2673 1785 2701 et

165 2734 391 2774 praecedentes
413 2734 517 2766 multo
540 2733 679 2775 aptiores
701 2733 794 2766 nobis
817 2733 986 2772 videntur,
1023 2733 1079 2775 qui
1100 2737 1202 2766 totam
1225 2734 1264 2765 de
1286 2733 1483 2766 mortalitate
1505 2733 1686 2766 animorum
1709 2734 1783 2766 doc-

165 2796 285 2828 trinam
308 2797 512 2829 concludant.

208 2859 233 2897 2)
280 2859 320 2890 D.
346 2860 382 2891 L.
407 2860 449 2891 X.
478 2862 547 2891 124.

210 2922 236 2963 3)
285 2922 325 2952 D.
351 2922 387 2953 L.
414 2923 453 2953 X.
481 2925 550 2953 125.
599 2922 689 2954 Stob.
716 2922 802 2954 Flor.
828 2922 988 2954 CXVIII.
1015 2925 1065 2954 30.
1095 2922 1214 2955 Sextus
1236 2922 1346 2965 pyrrh.
1370 2922 1448 2964 hyp.
1474 2921 1542 2954 ΙΙΙ.
1568 2923 1638 2953 229.

209 2983 235 3024 ⁴)
281 2983 336 3015 Vs.
360 2986 516 3015 830—42.
