1894 3235
961 118 1015 157 60

179 251 309 289 totam
341 262 416 304 per
445 249 634 291 membra
663 249 896 291 videmus'’.
958 250 1034 292 Est
1064 251 1195 306 igitur
1224 252 1364 293 anima
1383 253 1568 294 medium
1589 253 1797 309 quoddam

179 326 267 367 sive
310 326 538 380 vinculum,
571 327 681 383 quod
726 331 912 369 mentem
952 333 999 370 ut
1039 330 1085 371 τὸ
1135 330 1341 386 ἀρχικόν,
1383 331 1430 373 τὸ
1477 333 1725 386 ἡγεμονικόν
1756 335 1798 372 et

180 417 331 459 corpus
362 404 526 459 iungit:
573 405 762 457 „animus
794 419 868 446 sua
897 406 939 446 vi
972 420 1066 447 cum
1098 407 1280 462 percutit
1311 407 1518 462 animam,
1550 407 1654 450 haec
1685 409 1797 450 enim

180 494 329 537 corpus
360 483 556 537 propellit
578 486 619 523 et
642 482 756 523 icit.”
780 482 848 524 Sic
868 487 993 538 poeta
1011 517 1020 537 ,
1053 498 1147 525 cum
1169 485 1354 526 animum
1377 500 1401 526 a
1421 500 1592 541 corpore
1614 485 1798 541 pendere

180 572 336 613 negare
368 573 451 600 non
482 559 640 614 possit,
675 564 816 601 tamen
849 560 887 600 ei
919 560 1159 602 libertatem
1181 561 1402 617 quamdam
1424 576 1590 604 servare
1612 567 1797 604 conatur.

180 636 416 678 caveamus
460 642 602 678 tamen
646 651 699 678 ne
743 637 1048 685 duasnaturas
1080 638 1267 680 dicamus
1298 640 1482 681 animum
1515 644 1556 681 et
1587 641 1798 694 animam,

179 728 274 755 cum
305 718 431 769 poeta
461 715 556 770 plus
588 715 717 756 semel
739 714 940 768 inculcet,
975 719 1200 772 utrumque
1233 731 1358 772 quam
1377 718 1582 759 artissimo
1605 718 1799 760 coniunc-

178 795 268 833 tum
301 806 391 833 esse
424 797 466 834 et
498 793 659 848 corpori
692 793 944 849 oppositum.

244 869 351 911 Cum
383 869 466 911 iam
497 870 728 912 viderimus
768 871 955 912 animum
988 874 1029 912 et
1063 871 1247 912 animam
1279 886 1428 927 corpus
1450 887 1569 928 posse
1602 887 1798 927 movere,

177 947 275 989 inde
322 949 510 1004 sequitur
554 963 604 990 ea
634 963 835 1005 corporea
866 963 956 991 esse
988 953 1167 1003 natura,
1208 963 1305 991 nam
1339 950 1631 1006 quodcumque
1663 951 1800 1006 tangit

176 1029 249 1066 aut
279 1026 467 1080 tangitur
498 1041 647 1082 corpus
679 1028 731 1068 sit
762 1041 932 1069 necesse
965 1031 1040 1069 est.
1103 1027 1223 1069 Idem
1245 1032 1364 1083 patet
1387 1042 1442 1069 ex
1464 1042 1512 1069 co
1536 1028 1645 1084 quod
1668 1042 1797 1082 arma,

178 1117 285 1159 quae
318 1117 467 1160 corpus
497 1105 722 1146 vulnerant
756 1106 943 1146 animum
976 1119 1141 1161 quoque
1175 1105 1347 1147 laedunt
1373 1105 1418 1159 ¹).
1482 1106 1612 1148 Porro
1635 1107 1799 1147 animus

180 1182 240 1236 (et
272 1182 440 1236 anima,
483 1187 711 1239 utrumque
744 1183 823 1225 hoc
865 1184 1068 1225 vocabulo
1115 1184 1323 1225 indicatur
1370 1184 1419 1225 cf.
1454 1186 1551 1234 216)
1585 1188 1746 1226 constat
1777 1198 1799 1226 e

178 1274 303 1316 quam
334 1261 625 1303 minutissimis
661 1262 928 1317 corporibus:
960 1261 1064 1302 nihil
1096 1262 1209 1303 enim
1242 1276 1290 1303 eo
1322 1262 1518 1303 mobilius
1549 1266 1591 1303 et
1622 1262 1799 1303 celerius

179 1342 264 1379 est:
297 1352 347 1379 ea
378 1340 624 1394 corpuscula
654 1340 835 1381 rotunda
866 1353 956 1381 esse
989 1354 1043 1381 ex
1075 1354 1219 1381 eorum
1242 1340 1477 1381 mobilitate
1496 1339 1729 1382 ostenditur
1747 1340 1796 1394 2).

178 1416 314 1464 Quam
357 1420 505 1458 tenues
551 1417 634 1458 sint
681 1417 761 1459 hae
793 1418 921 1459 animi
951 1422 1116 1474 partes,
1149 1418 1246 1459 inde
1279 1418 1460 1473 perspici
1492 1422 1656 1474 potest,
1688 1417 1800 1474 quod

176 1494 357 1536 hominis
402 1495 556 1536 mortui
595 1510 748 1551 corpus
779 1496 911 1537 nihilo
943 1496 1078 1538 levius
1110 1501 1172 1538 est
1204 1511 1328 1552 quam
1362 1496 1470 1537 vivi:
1517 1510 1628 1537 mors
1659 1496 1800 1538 omnia

176 1576 364 1628 praestat
408 1574 581 1615 vitalem
628 1578 796 1629 praeter
827 1589 995 1616 sensum
1028 1574 1293 1630 calidumque
1325 1588 1523 1630 vaporem
1545 1571 1586 1627 ³).
1652 1573 1799 1627 „Quod

177 1663 311 1704 genus
343 1654 432 1704 est,
480 1650 637 1692 Bacchi
685 1666 779 1692 cum
812 1652 886 1693 flos
919 1652 1119 1705 evanuit,
1163 1657 1234 1693 aut
1266 1666 1361 1693 cum
1392 1652 1561 1707 spiritus
1591 1652 1799 1706 unguenti

177 1729 316 1769 suavis
348 1728 515 1783 diffugit
546 1730 589 1770 in
620 1744 827 1772 auras...
867 1731 926 1771 nil
959 1731 1090 1772 oculis
1125 1735 1268 1772 tamen
1308 1744 1398 1772 esse
1429 1730 1565 1771 minor
1600 1744 1667 1771 res
1708 1730 1799 1786 ipsa

177 1806 376 1847 videtur'’
399 1809 430 1856 4)
462 1821 598 1863 neque
630 1807 815 1863 pondere
848 1808 992 1850 levior.

233 1884 415 1926 Animus
446 1889 588 1927 autem
620 1900 703 1927 non
735 1891 798 1927 est
830 1887 1011 1943 simplex
1043 1886 1280 1943 quoddam:
1314 1890 1477 1928 constat
1498 1886 1611 1927 enim
1632 1899 1655 1928 e
1679 1889 1797 1942 quat-

177 1967 272 2004 tuor
316 1963 534 2018 partibus:
576 1978 706 2017 aura,
751 1978 905 2020 vapore
939 1965 1135 2018 (calore),
1168 1977 1288 2017 aere,
1339 1967 1381 2005 et
1427 1967 1576 2019 quarta
1617 1963 1797 2019 quadam

176 2045 324 2097 parte,
371 2056 478 2098 quae
526 2042 707 2083 nominis
754 2048 817 2084 est
855 2057 1008 2098 expers
1044 2057 1150 2099 „qua
1180 2056 1318 2098 neque
1349 2042 1544 2083 mobilius
1575 2041 1797 2097 quicquam

176 2134 313 2176 neque
346 2120 514 2162 tenuius
547 2122 719 2162 exstat⁷’
743 2121 788 2174 ⁵).
849 2121 940 2162 Has
962 2125 1103 2176 partes
1125 2134 1273 2162 revera
1296 2134 1385 2161 esse
1416 2119 1494 2161 hoc
1515 2119 1637 2161 modo
1659 2124 1795 2161 osten-

177 2197 265 2239 dit:
312 2199 504 2240 videmus
551 2199 849 2253 moribundos,
897 2213 1074 2255 quorum
1120 2195 1287 2240 animus
1331 2212 1353 2239 e
1401 2212 1572 2254 corpore
1604 2197 1794 2252 decedit,

176 2279 348 2317 tenuem
395 2290 540 2317 aurem
589 2278 780 2330 (πυεῦμα)
828 2277 1048 2330 deserere,
1093 2276 1273 2318 mixtam
1321 2290 1476 2331 vapore
1524 2276 1611 2317 sive
1659 2275 1796 2317 calore

176 2354 346 2409 (θερμοῦ
382 2358 528 2409 κρᾶσιν
562 2355 677 2411 ἕχον)
700 2356 755 2409 ϋ);
799 2369 928 2410 vapor
958 2359 1099 2396 autem
1130 2368 1296 2410 semper
1328 2354 1577 2395 coniunctus
1608 2357 1671 2394 est
1701 2367 1796 2394 cum

220 2486 243 2526 ¹)
293 2486 333 2517 D.
359 2486 396 2517 L.
421 2487 471 2519 67.
517 2487 548 2518 οὶ
580 2487 737 2529 λέγοντες
765 2487 944 2526 ἀσώματον
976 2488 1058 2518 εἶναι
1091 2487 1154 2525 τὴν
1187 2485 1302 2527 ψυχὴν
1330 2486 1570 2527 ματαΐζουσιν“
1601 2486 1702 2517 οὐθὲν
1731 2486 1793 2527 γὰρ

175 2549 219 2581 ἂν
253 2548 393 2580 ἐδύνατο
423 2551 531 2581 ποιεῖν
563 2550 637 2580 οὔτε
676 2551 821 2590 πάσχειν
855 2549 881 2580 εἰ
916 2549 958 2587 ἦν
989 2549 1152 2587 τοιαύτη·
1183 2551 1246 2581 νῦν
1281 2548 1458 2590 δ’ἐναργῶς
1492 2547 1662 2590 ἀμφότερα
1687 2550 1794 2580 ταῦτα

176 2611 455 2653 διαλαμβάνομεν
479 2613 555 2653 περὶ
579 2613 642 2650 τὴν
665 2611 780 2653 ψυχὴν
804 2613 845 2644 τὰ
869 2613 1110 2652 συμπτώματα.

218 2674 242 2710 ²)
289 2674 331 2706 D.
364 2674 402 2706 L.
432 2674 475 2706 X.
510 2677 549 2706 66
581 2675 691 2707 Ἀλλὰ
720 2677 787 2715 μὴν
819 2675 873 2706 καὶ
905 2674 976 2706 τόδε
1011 2675 1099 2718 λέγει
1130 2676 1166 2707 ἐν
1196 2676 1335 2712 ἄλλοις,
1371 2676 1427 2707 καὶ
1461 2675 1493 2711 ἐξ
1528 2675 1661 2715 ἀτόμων
1683 2675 1794 2714 αὐτὴν

175 2738 371 2780 συγκεῖσθαι
395 2737 576 2769 λειοτάτων
599 2738 654 2769 καὶ
679 2738 998 2780 στρογγυλωτάτων.

216 2800 240 2837 ³)
287 2799 342 2831 Vs.
369 2802 440 2831 214.

216 2863 240 2900 4)
285 2863 341 2895 Vs.
368 2865 439 2894 221.

216 2925 243 2967 ⁵)
289 2925 345 2958 Vs.
370 2927 442 2957 243.

216 2992 239 3029 ⁶)
287 2992 328 3023 D.
353 2992 391 3024 L.
416 2992 459 3023 X.
485 2993 535 3022 63.
