<?xml version="1.0" encoding="UTF-8"?>
<!DOCTYPE html PUBLIC "-//W3C//DTD XHTML 1.0 Transitional//EN"
    "http://www.w3.org/TR/xhtml1/DTD/xhtml1-transitional.dtd">
<html xmlns="http://www.w3.org/1999/xhtml" xml:lang="en" lang="en">
 <head>
  <title>
</title>
<meta http-equiv="Content-Type" content="text/html;charset=utf-8" />
  <meta name='ocr-system' content='tesseract 3.04.00' />
  <meta name='ocr-capabilities' content='ocr_page ocr_carea ocr_par ocr_line ocrx_word'/>
</head>
<body>
  <div class='ocr_page' id='page_1' title='image "./lucretiiphilosop00woltuoft_0053.png"; bbox 0 0 1894 3235; ppageno 0'>
   <div class='ocr_carea' id='block_1_1' title="bbox 887 127 940 168">
    <p class='ocr_par' dir='ltr' id='par_1_1' title="bbox 887 127 940 168">
     <span class='ocr_line' id='line_1_1' title="bbox 887 127 940 168; baseline 0 0"><span class='ocrx_word' id='word_1_1' title='bbox 887 127 940 168; x_wconf 83' lang='lat'>39</span> 
     </span>
    </p>
   </div>
   <div class='ocr_carea' id='block_1_2' title="bbox 97 258 1716 2249">
    <p class='ocr_par' dir='ltr' id='par_1_2' title="bbox 97 258 1716 1938">
     <span class='ocr_line' id='line_1_2' title="bbox 99 258 1711 315; baseline 0.001 -17"><span class='ocrx_word' id='word_1_2' title='bbox 99 258 183 311; x_wconf 90' lang='lat' dir='ltr'>tur)</span> <span class='ocrx_word' id='word_1_3' title='bbox 215 272 265 299; x_wconf 88' lang='lat' dir='ltr'>an</span> <span class='ocrx_word' id='word_1_4' title='bbox 298 259 521 300; x_wconf 81' lang='lat' dir='ltr'>nonnullae</span> <span class='ocrx_word' id='word_1_5' title='bbox 554 263 718 300; x_wconf 81' lang='lat' dir='ltr'>tantum</span> <span class='ocrx_word' id='word_1_6' title='bbox 741 260 871 315; x_wconf 84' lang='lat' dir='ltr'>(quod</span> <span class='ocrx_word' id='word_1_7' title='bbox 893 275 1023 301; x_wconf 90' lang='lat' dir='ltr'>unum</span> <span class='ocrx_word' id='word_1_8' title='bbox 1046 274 1292 301; x_wconf 90' lang='lat' dir='ltr'>concursum</span> <span class='ocrx_word' id='word_1_9' title='bbox 1314 264 1451 314; x_wconf 85' lang='lat' dir='ltr'>potest</span> <span class='ocrx_word' id='word_1_10' title='bbox 1473 259 1652 313; x_wconf 89' lang='lat' dir='ltr'>efficere)</span> <span class='ocrx_word' id='word_1_11' title='bbox 1672 263 1711 309; x_wconf 87' lang='lat'>¹).</span> 
     </span>
     <span class='ocr_line' id='line_1_3' title="bbox 100 335 1713 393; baseline 0.001 -18"><span class='ocrx_word' id='word_1_12' title='bbox 100 335 292 390; x_wconf 89' lang='lat' dir='ltr'>Denique</span> <span class='ocrx_word' id='word_1_13' title='bbox 327 337 586 390; x_wconf 89' lang='lat' dir='ltr'>potissimum</span> <span class='ocrx_word' id='word_1_14' title='bbox 623 337 675 377; x_wconf 92' lang='lat' dir='ltr'>ad</span> <span class='ocrx_word' id='word_1_15' title='bbox 708 337 885 378; x_wconf 87' lang='lat' dir='ltr'>liberum</span> <span class='ocrx_word' id='word_1_16' title='bbox 908 338 1125 378; x_wconf 79' lang='lat' dir='ltr'><strong>arbitrium</strong></span> <span class='ocrx_word' id='word_1_17' title='bbox 1148 337 1444 393; x_wconf 79' lang='lat' dir='ltr'>explicandum</span> <span class='ocrx_word' id='word_1_18' title='bbox 1460 351 1629 378; x_wconf 89' lang='lat' dir='ltr'>necesse</span> <span class='ocrx_word' id='word_1_19' title='bbox 1651 342 1713 377; x_wconf 87' lang='lat' dir='ltr'>est</span> 
     </span>
     <span class='ocr_line' id='line_1_4' title="bbox 100 412 1713 470; baseline 0.001 -17"><span class='ocrx_word' id='word_1_20' title='bbox 100 413 226 453; x_wconf 88' lang='lat' dir='ltr'>atomi</span> <span class='ocrx_word' id='word_1_21' title='bbox 268 413 477 454; x_wconf 88' lang='lat' dir='ltr'>declinent</span> <span class='ocrx_word' id='word_1_22' title='bbox 493 412 535 467; x_wconf 83' lang='lat'>²).</span> <span class='ocrx_word' id='word_1_23' title='bbox 595 414 761 455; x_wconf 77' lang='lat' dir='ltr'>Diserte</span> <span class='ocrx_word' id='word_1_24' title='bbox 800 419 840 454; x_wconf 91' lang='lat' dir='ltr'>et</span> <span class='ocrx_word' id='word_1_25' title='bbox 872 415 1036 469; x_wconf 79' lang='lat' dir='ltr'>copiose</span> <span class='ocrx_word' id='word_1_26' title='bbox 1068 415 1174 456; x_wconf 90' lang='lat' dir='ltr'>hanc</span> <span class='ocrx_word' id='word_1_27' title='bbox 1206 429 1294 455; x_wconf 87' lang='lat' dir='ltr'>rem</span> <span class='ocrx_word' id='word_1_28' title='bbox 1331 419 1557 470; x_wconf 77' lang='lat' dir='ltr'>pertractat</span> <span class='ocrx_word' id='word_1_29' title='bbox 1587 418 1713 469; x_wconf 90' lang='lat' dir='ltr'>poeta</span> 
     </span>
     <span class='ocr_line' id='line_1_5' title="bbox 100 489 1712 544; baseline 0.001 -14"><span class='ocrx_word' id='word_1_30' title='bbox 100 489 216 544; x_wconf 86' lang='lat' dir='ltr'>quasi</span> <span class='ocrx_word' id='word_1_31' title='bbox 277 490 366 531; x_wconf 89' lang='lat' dir='ltr'>eius</span> <span class='ocrx_word' id='word_1_32' title='bbox 426 491 590 531; x_wconf 90' lang='lat' dir='ltr'>intersit</span> <span class='ocrx_word' id='word_1_33' title='bbox 636 491 713 531; x_wconf 92' lang='lat' dir='ltr'>hoc</span> <span class='ocrx_word' id='word_1_34' title='bbox 759 506 854 532; x_wconf 90' lang='lat' dir='ltr'>cum</span> <span class='ocrx_word' id='word_1_35' title='bbox 899 492 1083 533; x_wconf 78' lang='lat' dir='ltr'>maxime</span> <span class='ocrx_word' id='word_1_36' title='bbox 1129 492 1412 532; x_wconf 86' lang='lat' dir='ltr'>demonstrare</span> <span class='ocrx_word' id='word_1_37' title='bbox 1450 495 1492 532; x_wconf 84' lang='lat' dir='ltr'>et</span> <span class='ocrx_word' id='word_1_38' title='bbox 1531 490 1712 532; x_wconf 90' lang='lat' dir='ltr'>hominis</span> 
     </span>
     <span class='ocr_line' id='line_1_6' title="bbox 98 565 1711 623; baseline 0.001 -17"><span class='ocrx_word' id='word_1_39' title='bbox 98 565 335 607; x_wconf 88' lang='lat' dir='ltr'>libertatem</span> <span class='ocrx_word' id='word_1_40' title='bbox 382 571 525 607; x_wconf 88' lang='lat' dir='ltr'>contra</span> <span class='ocrx_word' id='word_1_41' title='bbox 566 580 635 607; x_wconf 89' lang='lat' dir='ltr'>eos</span> <span class='ocrx_word' id='word_1_42' title='bbox 676 567 899 608; x_wconf 85' lang='lat' dir='ltr'>defendere</span> <span class='ocrx_word' id='word_1_43' title='bbox 931 569 1028 623; x_wconf 89' lang='lat' dir='ltr'>qui,</span> <span class='ocrx_word' id='word_1_44' title='bbox 1076 572 1121 608; x_wconf 93' lang='lat' dir='ltr'>ut</span> <span class='ocrx_word' id='word_1_45' title='bbox 1155 568 1311 621; x_wconf 79' lang='lat' dir='ltr'>Stoici,</span> <span class='ocrx_word' id='word_1_46' title='bbox 1359 581 1549 608; x_wconf 80' lang='lat' dir='ltr'>severum</span> <span class='ocrx_word' id='word_1_47' title='bbox 1580 567 1711 608; x_wconf 89' lang='lat' dir='ltr'>fatum</span> 
     </span>
     <span class='ocr_line' id='line_1_7' title="bbox 99 642 1712 700; baseline 0.001 -18"><span class='ocrx_word' id='word_1_48' title='bbox 99 656 275 696; x_wconf 83' lang='lat' dir='ltr'>regnare</span> <span class='ocrx_word' id='word_1_49' title='bbox 308 642 528 694; x_wconf 85' lang='lat' dir='ltr'>dicebant,</span> <span class='ocrx_word' id='word_1_50' title='bbox 561 644 630 698; x_wconf 88' lang='lat' dir='ltr'>qui</span> <span class='ocrx_word' id='word_1_51' title='bbox 656 644 957 699; x_wconf 86' lang='lat' dir='ltr'>sempiternum</span> <span class='ocrx_word' id='word_1_52' title='bbox 981 644 1216 698; x_wconf 89' lang='lat' dir='ltr'>dominum,</span> <span class='ocrx_word' id='word_1_53' title='bbox 1249 658 1372 700; x_wconf 89' lang='lat' dir='ltr'>quem</span> <span class='ocrx_word' id='word_1_54' title='bbox 1396 644 1483 684; x_wconf 89' lang='lat' dir='ltr'>dies</span> <span class='ocrx_word' id='word_1_55' title='bbox 1508 647 1548 684; x_wconf 89' lang='lat' dir='ltr'>et</span> <span class='ocrx_word' id='word_1_56' title='bbox 1570 647 1712 683; x_wconf 88' lang='lat' dir='ltr'>noctes</span> 
     </span>
     <span class='ocr_line' id='line_1_8' title="bbox 99 719 1710 776; baseline 0.001 -17"><span class='ocrx_word' id='word_1_57' title='bbox 99 720 295 760; x_wconf 79' lang='lat' dir='ltr'>timerent</span> <span class='ocrx_word' id='word_1_58' title='bbox 339 720 382 759; x_wconf 91' lang='lat' dir='ltr'>in</span> <span class='ocrx_word' id='word_1_59' title='bbox 421 719 637 761; x_wconf 90' lang='lat' dir='ltr'>hominum</span> <span class='ocrx_word' id='word_1_60' title='bbox 680 721 913 762; x_wconf 90' lang='lat' dir='ltr'>cervicibus</span> <span class='ocrx_word' id='word_1_61' title='bbox 945 722 1233 776; x_wconf 88' lang='lat' dir='ltr'>imposuerunt</span> <span class='ocrx_word' id='word_1_62' title='bbox 1265 721 1364 775; x_wconf 83' lang='lat' dir='ltr'>(Cic.</span> <span class='ocrx_word' id='word_1_63' title='bbox 1399 721 1449 761; x_wconf 91' lang='lat' dir='ltr'>de</span> <span class='ocrx_word' id='word_1_64' title='bbox 1481 724 1566 761; x_wconf 90' lang='lat' dir='ltr'>nat.</span> <span class='ocrx_word' id='word_1_65' title='bbox 1599 720 1710 760; x_wconf 88' lang='lat' dir='ltr'>deor.</span> 
     </span>
     <span class='ocr_line' id='line_1_9' title="bbox 99 797 1713 853; baseline 0.001 -16"><span class='ocrx_word' id='word_1_66' title='bbox 99 797 132 837; x_wconf 92' lang='lat' dir='ltr'>I.</span> <span class='ocrx_word' id='word_1_67' title='bbox 177 798 258 850; x_wconf 77' lang='lat'>20,</span> <span class='ocrx_word' id='word_1_68' title='bbox 306 798 406 851; x_wconf 77' lang='lat'>54.).</span> <span class='ocrx_word' id='word_1_69' title='bbox 467 798 564 853; x_wconf 90' lang='lat' dir='ltr'>Ipse</span> <span class='ocrx_word' id='word_1_70' title='bbox 612 798 719 838; x_wconf 79' lang='lat' dir='ltr'>dixit</span> <span class='ocrx_word' id='word_1_71' title='bbox 751 798 819 839; x_wconf 90' lang='lat' dir='ltr'>hic</span> <span class='ocrx_word' id='word_1_72' title='bbox 850 813 1009 839; x_wconf 82' lang='lat' dir='ltr'>nexum</span> <span class='ocrx_word' id='word_1_73' title='bbox 1042 813 1261 840; x_wconf 88' lang='lat' dir='ltr'>causarum</span> <span class='ocrx_word' id='word_1_74' title='bbox 1291 799 1496 853; x_wconf 85' lang='lat' dir='ltr'>abrumpi.</span> <span class='ocrx_word' id='word_1_75' title='bbox 1558 798 1713 839; x_wconf 86' lang='lat' dir='ltr'>Libera</span> 
     </span>
     <span class='ocr_line' id='line_1_10' title="bbox 98 875 1712 929; baseline 0 -14"><span class='ocrx_word' id='word_1_76' title='bbox 98 879 240 915; x_wconf 89' lang='lat' dir='ltr'>nostra</span> <span class='ocrx_word' id='word_1_77' title='bbox 268 875 461 915; x_wconf 87' lang='lat' dir='ltr'>voluntas</span> <span class='ocrx_word' id='word_1_78' title='bbox 492 889 659 916; x_wconf 90' lang='lat' dir='ltr'>causam</span> <span class='ocrx_word' id='word_1_79' title='bbox 689 875 844 917; x_wconf 86' lang='lat' dir='ltr'>habere</span> <span class='ocrx_word' id='word_1_80' title='bbox 877 876 1022 929; x_wconf 89' lang='lat' dir='ltr'>debet,</span> <span class='ocrx_word' id='word_1_81' title='bbox 1054 876 1164 917; x_wconf 90' lang='lat' dir='ltr'>unde</span> <span class='ocrx_word' id='word_1_82' title='bbox 1196 877 1316 917; x_wconf 91' lang='lat' dir='ltr'>nobis</span> <span class='ocrx_word' id='word_1_83' title='bbox 1348 876 1400 917; x_wconf 88' lang='lat' dir='ltr'>sit</span> <span class='ocrx_word' id='word_1_84' title='bbox 1427 876 1582 929; x_wconf 89' lang='lat' dir='ltr'>innata,</span> <span class='ocrx_word' id='word_1_85' title='bbox 1614 889 1712 915; x_wconf 89' lang='lat' dir='ltr'>nam</span> 
     </span>
     <span class='ocr_line' id='line_1_11' title="bbox 98 951 1712 994; baseline 0.001 -3"><span class='ocrx_word' id='word_1_86' title='bbox 98 951 204 992; x_wconf 89' lang='lat' dir='ltr'>nihil</span> <span class='ocrx_word' id='word_1_87' title='bbox 249 951 295 992; x_wconf 89' lang='lat' dir='ltr'>fit</span> <span class='ocrx_word' id='word_1_88' title='bbox 341 966 363 992; x_wconf 95' lang='lat' dir='ltr'>e</span> <span class='ocrx_word' id='word_1_89' title='bbox 408 951 569 992; x_wconf 89' lang='lat' dir='ltr'>nihilo:</span> <span class='ocrx_word' id='word_1_90' title='bbox 616 952 719 993; x_wconf 89' lang='lat' dir='ltr'>haec</span> <span class='ocrx_word' id='word_1_91' title='bbox 767 967 891 993; x_wconf 91' lang='lat' dir='ltr'>causa</span> <span class='ocrx_word' id='word_1_92' title='bbox 932 958 994 994; x_wconf 90' lang='lat' dir='ltr'>est</span> <span class='ocrx_word' id='word_1_93' title='bbox 1025 957 1257 994; x_wconf 88' lang='lat' dir='ltr'>atomorum</span> <span class='ocrx_word' id='word_1_94' title='bbox 1290 953 1526 994; x_wconf 85' lang='lat' dir='ltr'>declinatio.</span> <span class='ocrx_word' id='word_1_95' title='bbox 1588 952 1712 993; x_wconf 89' lang='lat' dir='ltr'>Ultro</span> 
     </span>
     <span class='ocr_line' id='line_1_12' title="bbox 99 1029 1713 1085; baseline 0 -16"><span class='ocrx_word' id='word_1_96' title='bbox 99 1033 240 1069; x_wconf 88' lang='lat' dir='ltr'>autem</span> <span class='ocrx_word' id='word_1_97' title='bbox 271 1042 419 1070; x_wconf 90' lang='lat' dir='ltr'>causae</span> <span class='ocrx_word' id='word_1_98' title='bbox 451 1029 696 1083; x_wconf 81' lang='lat' dir='ltr'>investigari</span> <span class='ocrx_word' id='word_1_99' title='bbox 729 1044 812 1069; x_wconf 90' lang='lat' dir='ltr'>non</span> <span class='ocrx_word' id='word_1_100' title='bbox 850 1034 1034 1084; x_wconf 85' lang='lat' dir='ltr'>possunt.</span> <span class='ocrx_word' id='word_1_101' title='bbox 1068 1029 1202 1070; x_wconf 83' lang='lat' dir='ltr'>Cardo</span> <span class='ocrx_word' id='word_1_102' title='bbox 1234 1030 1489 1085; x_wconf 85' lang='lat' dir='ltr'>quaestionis</span> <span class='ocrx_word' id='word_1_103' title='bbox 1520 1029 1648 1083; x_wconf 84' lang='lat' dir='ltr'>igitur</span> <span class='ocrx_word' id='word_1_104' title='bbox 1669 1029 1713 1069; x_wconf 92' lang='lat' dir='ltr'>in</span> 
     </span>
     <span class='ocr_line' id='line_1_13' title="bbox 99 1107 1713 1162; baseline 0.001 -16"><span class='ocrx_word' id='word_1_105' title='bbox 99 1107 180 1147; x_wconf 88' lang='lat' dir='ltr'>alia</span> <span class='ocrx_word' id='word_1_106' title='bbox 209 1120 254 1147; x_wconf 92' lang='lat' dir='ltr'>re</span> <span class='ocrx_word' id='word_1_107' title='bbox 285 1110 449 1147; x_wconf 87' lang='lat' dir='ltr'>tantum</span> <span class='ocrx_word' id='word_1_108' title='bbox 480 1107 676 1161; x_wconf 87' lang='lat' dir='ltr'>ponitur:</span> <span class='ocrx_word' id='word_1_109' title='bbox 710 1107 846 1147; x_wconf 85' lang='lat' dir='ltr'>differt</span> <span class='ocrx_word' id='word_1_110' title='bbox 878 1112 1002 1162; x_wconf 91' lang='lat' dir='ltr'>poeta</span> <span class='ocrx_word' id='word_1_111' title='bbox 1034 1107 1318 1160; x_wconf 89' lang='lat' dir='ltr'>difficultates,</span> <span class='ocrx_word' id='word_1_112' title='bbox 1342 1122 1443 1162; x_wconf 88' lang='lat' dir='ltr'>quas</span> <span class='ocrx_word' id='word_1_113' title='bbox 1465 1108 1625 1148; x_wconf 86' lang='lat' dir='ltr'>solvere</span> <span class='ocrx_word' id='word_1_114' title='bbox 1641 1120 1713 1147; x_wconf 89' lang='lat' dir='ltr'>ne-</span> 
     </span>
     <span class='ocr_line' id='line_1_14' title="bbox 99 1183 1713 1240; baseline -0.001 -16"><span class='ocrx_word' id='word_1_115' title='bbox 99 1184 200 1239; x_wconf 91' lang='lat' dir='ltr'>quit.</span> <span class='ocrx_word' id='word_1_116' title='bbox 261 1184 349 1225; x_wconf 89' lang='lat' dir='ltr'>Alii</span> <span class='ocrx_word' id='word_1_117' title='bbox 380 1184 617 1239; x_wconf 85' lang='lat' dir='ltr'>philosophi</span> <span class='ocrx_word' id='word_1_118' title='bbox 649 1184 701 1225; x_wconf 91' lang='lat' dir='ltr'>ad</span> <span class='ocrx_word' id='word_1_119' title='bbox 733 1184 840 1225; x_wconf 87' lang='lat' dir='ltr'>hanc</span> <span class='ocrx_word' id='word_1_120' title='bbox 871 1185 1160 1240; x_wconf 87' lang='lat' dir='ltr'>quaestionem</span> <span class='ocrx_word' id='word_1_121' title='bbox 1192 1184 1433 1224; x_wconf 89' lang='lat' dir='ltr'>solvendam</span> <span class='ocrx_word' id='word_1_122' title='bbox 1464 1183 1577 1224; x_wconf 88' lang='lat' dir='ltr'>aliud</span> <span class='ocrx_word' id='word_1_123' title='bbox 1598 1184 1713 1224; x_wconf 88' lang='lat' dir='ltr'>inve-</span> 
     </span>
     <span class='ocr_line' id='line_1_15' title="bbox 98 1262 1712 1318; baseline -0.001 -15"><span class='ocrx_word' id='word_1_124' title='bbox 98 1266 250 1303; x_wconf 89' lang='lat' dir='ltr'>nerunt</span> <span class='ocrx_word' id='word_1_125' title='bbox 280 1276 416 1318; x_wconf 89' lang='lat' dir='ltr'>neque</span> <span class='ocrx_word' id='word_1_126' title='bbox 447 1263 572 1303; x_wconf 90' lang='lat' dir='ltr'>finem</span> <span class='ocrx_word' id='word_1_127' title='bbox 608 1263 786 1304; x_wconf 84' lang='lat' dir='ltr'>assecuti</span> <span class='ocrx_word' id='word_1_128' title='bbox 819 1267 927 1303; x_wconf 88' lang='lat' dir='ltr'>sunt.</span> <span class='ocrx_word' id='word_1_129' title='bbox 988 1263 1251 1304; x_wconf 86' lang='lat' dir='ltr'>Facillimam</span> <span class='ocrx_word' id='word_1_130' title='bbox 1284 1276 1427 1303; x_wconf 88' lang='lat' dir='ltr'>eorum</span> <span class='ocrx_word' id='word_1_131' title='bbox 1460 1262 1712 1315; x_wconf 85' lang='lat' dir='ltr'>doctrinam,</span> 
     </span>
     <span class='ocr_line' id='line_1_16' title="bbox 99 1339 1714 1396; baseline -0.001 -16"><span class='ocrx_word' id='word_1_132' title='bbox 99 1340 169 1396; x_wconf 90' lang='lat' dir='ltr'>qui</span> <span class='ocrx_word' id='word_1_133' title='bbox 200 1340 380 1381; x_wconf 86' lang='lat' dir='ltr'>liberum</span> <span class='ocrx_word' id='word_1_134' title='bbox 410 1344 596 1393; x_wconf 88' lang='lat' dir='ltr'>motum,</span> <span class='ocrx_word' id='word_1_135' title='bbox 630 1354 728 1395; x_wconf 83' lang='lat' dir='ltr'>ergo</span> <span class='ocrx_word' id='word_1_136' title='bbox 760 1341 941 1381; x_wconf 89' lang='lat' dir='ltr'>animam</span> <span class='ocrx_word' id='word_1_137' title='bbox 972 1341 1073 1395; x_wconf 88' lang='lat' dir='ltr'>ipsis</span> <span class='ocrx_word' id='word_1_138' title='bbox 1094 1341 1243 1381; x_wconf 90' lang='lat' dir='ltr'>atomis</span> <span class='ocrx_word' id='word_1_139' title='bbox 1273 1340 1582 1392; x_wconf 86' lang='lat' dir='ltr'>attribuerunt,</span> <span class='ocrx_word' id='word_1_140' title='bbox 1614 1339 1714 1394; x_wconf 87' lang='lat' dir='ltr'>Epi-</span> 
     </span>
     <span class='ocr_line' id='line_1_17' title="bbox 99 1418 1716 1473; baseline -0.001 -15"><span class='ocrx_word' id='word_1_141' title='bbox 99 1418 241 1471; x_wconf 88' lang='lat' dir='ltr'>curei,</span> <span class='ocrx_word' id='word_1_142' title='bbox 291 1432 386 1459; x_wconf 89' lang='lat' dir='ltr'>cum</span> <span class='ocrx_word' id='word_1_143' title='bbox 431 1422 598 1473; x_wconf 87' lang='lat' dir='ltr'>praeter</span> <span class='ocrx_word' id='word_1_144' title='bbox 643 1418 861 1459; x_wconf 86' lang='lat' dir='ltr'>materiem</span> <span class='ocrx_word' id='word_1_145' title='bbox 909 1423 951 1459; x_wconf 88' lang='lat' dir='ltr'>et</span> <span class='ocrx_word' id='word_1_146' title='bbox 996 1419 1120 1459; x_wconf 90' lang='lat' dir='ltr'>inane</span> <span class='ocrx_word' id='word_1_147' title='bbox 1166 1418 1271 1458; x_wconf 90' lang='lat' dir='ltr'>nihil</span> <span class='ocrx_word' id='word_1_148' title='bbox 1319 1432 1408 1458; x_wconf 90' lang='lat' dir='ltr'>esse</span> <span class='ocrx_word' id='word_1_149' title='bbox 1446 1421 1642 1472; x_wconf 89' lang='lat' dir='ltr'>putarent</span> <span class='ocrx_word' id='word_1_150' title='bbox 1673 1420 1716 1458; x_wconf 87' lang='lat' dir='ltr'>et</span> 
     </span>
     <span class='ocr_line' id='line_1_18' title="bbox 98 1494 1714 1551; baseline -0.002 -15"><span class='ocrx_word' id='word_1_151' title='bbox 98 1495 234 1551; x_wconf 88' lang='lat' dir='ltr'>ipsum</span> <span class='ocrx_word' id='word_1_152' title='bbox 272 1495 458 1536; x_wconf 89' lang='lat' dir='ltr'>animum</span> <span class='ocrx_word' id='word_1_153' title='bbox 490 1509 544 1535; x_wconf 79' lang='lat' dir='ltr'>ex</span> <span class='ocrx_word' id='word_1_154' title='bbox 575 1495 842 1535; x_wconf 87' lang='lat' dir='ltr'>insensilibus</span> <span class='ocrx_word' id='word_1_155' title='bbox 874 1500 1172 1550; x_wconf 87' lang='lat' dir='ltr'>componerent</span> <span class='ocrx_word' id='word_1_156' title='bbox 1203 1495 1378 1547; x_wconf 90' lang='lat' dir='ltr'>atomis,</span> <span class='ocrx_word' id='word_1_157' title='bbox 1425 1494 1600 1549; x_wconf 87' lang='lat' dir='ltr'>probare</span> <span class='ocrx_word' id='word_1_158' title='bbox 1632 1507 1714 1534; x_wconf 89' lang='lat' dir='ltr'>non</span> 
     </span>
     <span class='ocr_line' id='line_1_19' title="bbox 98 1570 1714 1628; baseline -0.001 -15"><span class='ocrx_word' id='word_1_159' title='bbox 98 1577 292 1628; x_wconf 87' lang='lat' dir='ltr'>poterant</span> <span class='ocrx_word' id='word_1_160' title='bbox 339 1578 380 1613; x_wconf 90' lang='lat' dir='ltr'>et</span> <span class='ocrx_word' id='word_1_161' title='bbox 425 1573 519 1627; x_wconf 89' lang='lat' dir='ltr'>plus</span> <span class='ocrx_word' id='word_1_162' title='bbox 565 1573 694 1613; x_wconf 87' lang='lat' dir='ltr'>semel</span> <span class='ocrx_word' id='word_1_163' title='bbox 740 1572 962 1613; x_wconf 86' lang='lat' dir='ltr'>Lucretius</span> <span class='ocrx_word' id='word_1_164' title='bbox 1008 1572 1206 1613; x_wconf 86' lang='lat' dir='ltr'>refutavit</span> <span class='ocrx_word' id='word_1_165' title='bbox 1224 1571 1268 1625; x_wconf 78' lang='lat'>3).</span> <span class='ocrx_word' id='word_1_166' title='bbox 1331 1571 1414 1613; x_wconf 79' lang='lat' dir='ltr'>Sed</span> <span class='ocrx_word' id='word_1_167' title='bbox 1455 1576 1594 1612; x_wconf 89' lang='lat' dir='ltr'>tamen</span> <span class='ocrx_word' id='word_1_168' title='bbox 1635 1570 1714 1626; x_wconf 90' lang='lat' dir='ltr'>ipsi</span> 
     </span>
     <span class='ocr_line' id='line_1_20' title="bbox 98 1649 1715 1705; baseline -0.001 -14"><span class='ocrx_word' id='word_1_169' title='bbox 98 1650 287 1691; x_wconf 87' lang='lat' dir='ltr'>fecerunt</span> <span class='ocrx_word' id='word_1_170' title='bbox 316 1650 441 1691; x_wconf 91' lang='lat' dir='ltr'>idem.</span> <span class='ocrx_word' id='word_1_171' title='bbox 502 1650 640 1705; x_wconf 90' lang='lat' dir='ltr'>Ipsius</span> <span class='ocrx_word' id='word_1_172' title='bbox 682 1650 867 1690; x_wconf 87' lang='lat' dir='ltr'>Lucretii</span> <span class='ocrx_word' id='word_1_173' title='bbox 907 1650 1049 1703; x_wconf 87' lang='lat' dir='ltr'>verba,</span> <span class='ocrx_word' id='word_1_174' title='bbox 1082 1650 1231 1705; x_wconf 91' lang='lat' dir='ltr'>quibus</span> <span class='ocrx_word' id='word_1_175' title='bbox 1263 1649 1596 1690; x_wconf 85' lang='lat' dir='ltr'>adversariorum</span> <span class='ocrx_word' id='word_1_176' title='bbox 1628 1649 1715 1704; x_wconf 94' lang='lat' dir='ltr'>opi-</span> 
     </span>
     <span class='ocr_line' id='line_1_21' title="bbox 97 1726 1713 1783; baseline -0.001 -15"><span class='ocrx_word' id='word_1_177' title='bbox 97 1728 266 1769; x_wconf 90' lang='lat' dir='ltr'>nionem</span> <span class='ocrx_word' id='word_1_178' title='bbox 305 1728 477 1781; x_wconf 88' lang='lat' dir='ltr'>irridet,</span> <span class='ocrx_word' id='word_1_179' title='bbox 524 1728 567 1768; x_wconf 91' lang='lat' dir='ltr'>in</span> <span class='ocrx_word' id='word_1_180' title='bbox 611 1727 719 1768; x_wconf 87' lang='lat' dir='ltr'>hanc</span> <span class='ocrx_word' id='word_1_181' title='bbox 759 1733 922 1783; x_wconf 89' lang='lat' dir='ltr'>partem</span> <span class='ocrx_word' id='word_1_182' title='bbox 964 1728 1176 1768; x_wconf 87' lang='lat' dir='ltr'>doctrinae</span> <span class='ocrx_word' id='word_1_183' title='bbox 1220 1727 1425 1783; x_wconf 86' lang='lat' dir='ltr'>quadrant</span> <span class='ocrx_word' id='word_1_184' title='bbox 1445 1726 1474 1781; x_wconf 79' lang='lat'>4)</span> <span class='ocrx_word' id='word_1_185' title='bbox 1517 1726 1713 1779; x_wconf 89' lang='lat' dir='ltr'>„consilio</span> 
     </span>
     <span class='ocr_line' id='line_1_22' title="bbox 97 1804 1712 1862; baseline -0.001 -16"><span class='ocrx_word' id='word_1_186' title='bbox 97 1805 324 1862; x_wconf 90' lang='lat' dir='ltr'>primordia</span> <span class='ocrx_word' id='word_1_187' title='bbox 362 1819 501 1846; x_wconf 87' lang='lat' dir='ltr'>rerum</span> <span class='ocrx_word' id='word_1_188' title='bbox 547 1805 690 1846; x_wconf 89' lang='lat' dir='ltr'>ordine</span> <span class='ocrx_word' id='word_1_189' title='bbox 737 1819 780 1846; x_wconf 90' lang='lat' dir='ltr'>se</span> <span class='ocrx_word' id='word_1_190' title='bbox 813 1820 885 1846; x_wconf 89' lang='lat' dir='ltr'>suo</span> <span class='ocrx_word' id='word_1_191' title='bbox 917 1819 1107 1861; x_wconf 88' lang='lat' dir='ltr'>quaeque</span> <span class='ocrx_word' id='word_1_192' title='bbox 1138 1805 1278 1859; x_wconf 84' lang='lat' dir='ltr'>sagaci</span> <span class='ocrx_word' id='word_1_193' title='bbox 1308 1808 1450 1846; x_wconf 89' lang='lat' dir='ltr'>mente</span> <span class='ocrx_word' id='word_1_194' title='bbox 1482 1804 1712 1845; x_wconf 80' lang='lat' dir='ltr'>locarunt&#39;&#39;.</span> 
     </span>
     <span class='ocr_line' id='line_1_23' title="bbox 97 1882 1283 1938; baseline -0.002 -14"><span class='ocrx_word' id='word_1_195' title='bbox 97 1883 174 1924; x_wconf 84' lang='lat' dir='ltr'>Est</span> <span class='ocrx_word' id='word_1_196' title='bbox 203 1883 271 1924; x_wconf 92' lang='lat' dir='ltr'>hic</span> <span class='ocrx_word' id='word_1_197' title='bbox 302 1883 503 1938; x_wconf 87' lang='lat' dir='ltr'>cuiusque</span> <span class='ocrx_word' id='word_1_198' title='bbox 534 1882 822 1938; x_wconf 87' lang='lat' dir='ltr'>philosophiae</span> <span class='ocrx_word' id='word_1_199' title='bbox 852 1883 967 1924; x_wconf 90' lang='lat' dir='ltr'>locus</span> <span class='ocrx_word' id='word_1_200' title='bbox 998 1883 1283 1923; x_wconf 84' lang='lat' dir='ltr'>vulnerabilis.</span> 
     </span>
    </p>

    <p class='ocr_par' dir='ltr' id='par_1_3' title="bbox 98 1959 1714 2249">
     <span class='ocr_line' id='line_1_24' title="bbox 156 1959 1713 2016; baseline -0.002 -14"><span class='ocrx_word' id='word_1_201' title='bbox 156 1961 259 2002; x_wconf 86' lang='lat' dir='ltr'>Tres</span> <span class='ocrx_word' id='word_1_202' title='bbox 304 1961 433 2016; x_wconf 84' lang='lat' dir='ltr'>igitur</span> <span class='ocrx_word' id='word_1_203' title='bbox 479 1961 627 2002; x_wconf 90' lang='lat' dir='ltr'>atomis</span> <span class='ocrx_word' id='word_1_204' title='bbox 666 1965 803 2001; x_wconf 61' lang='lat' dir='ltr'>matus</span> <span class='ocrx_word' id='word_1_205' title='bbox 849 1961 1047 2002; x_wconf 86' lang='lat' dir='ltr'>adscribit</span> <span class='ocrx_word' id='word_1_206' title='bbox 1078 1965 1227 2016; x_wconf 88' lang='lat' dir='ltr'>poeta,</span> <span class='ocrx_word' id='word_1_207' title='bbox 1270 1960 1341 2016; x_wconf 88' lang='lat' dir='ltr'>qui</span> <span class='ocrx_word' id='word_1_208' title='bbox 1372 1960 1476 2000; x_wconf 90' lang='lat' dir='ltr'>fiunt</span> <span class='ocrx_word' id='word_1_209' title='bbox 1507 1959 1713 2014; x_wconf 85' lang='lat' dir='ltr'>gravitate</span> 
     </span>
     <span class='ocr_line' id='line_1_25' title="bbox 99 2037 1712 2094; baseline -0.002 -13"><span class='ocrx_word' id='word_1_210' title='bbox 99 2038 216 2093; x_wconf 73' lang='grc' dir='ltr'>(κατ-ἂ</span> <span class='ocrx_word' id='word_1_211' title='bbox 239 2040 464 2092; x_wconf 61' lang='grc' dir='ltr'>στάθμην),</span> <span class='ocrx_word' id='word_1_212' title='bbox 483 2038 761 2079; x_wconf 74' lang='lat' dir='ltr'>declinatione</span> <span class='ocrx_word' id='word_1_213' title='bbox 781 2038 897 2092; x_wconf 75' lang='grc' dir='ltr'>(κατᾶ</span> <span class='ocrx_word' id='word_1_214' title='bbox 915 2038 1213 2094; x_wconf 70' lang='grc' dir='ltr'>παρέγκλισιν),</span> <span class='ocrx_word' id='word_1_215' title='bbox 1231 2038 1365 2093; x_wconf 80' lang='lat' dir='ltr'>plagis</span> <span class='ocrx_word' id='word_1_216' title='bbox 1383 2038 1497 2091; x_wconf 72' lang='grc' dir='ltr'>(κατά</span> <span class='ocrx_word' id='word_1_217' title='bbox 1518 2037 1712 2092; x_wconf 78' lang='grc' dir='ltr'>πληγήν,</span> 
     </span>
     <span class='ocr_line' id='line_1_26' title="bbox 99 2113 1713 2172; baseline -0.002 -15"><span class='ocrx_word' id='word_1_218' title='bbox 99 2131 181 2172; x_wconf 91' lang='lat' dir='ltr'>qua</span> <span class='ocrx_word' id='word_1_219' title='bbox 211 2116 338 2157; x_wconf 87' lang='lat' dir='ltr'>atomi</span> <span class='ocrx_word' id='word_1_220' title='bbox 373 2116 440 2168; x_wconf 89' lang='lat' dir='ltr'>„in</span> <span class='ocrx_word' id='word_1_221' title='bbox 470 2116 633 2170; x_wconf 84' lang='lat' dir='ltr'>magnis</span> <span class='ocrx_word' id='word_1_222' title='bbox 664 2116 895 2156; x_wconf 74' lang='lat' dir='ltr'>intervallis</span> <span class='ocrx_word' id='word_1_223' title='bbox 926 2116 1168 2156; x_wconf 82' lang='lat' dir='ltr'>recursant&#39;&#39;</span> <span class='ocrx_word' id='word_1_224' title='bbox 1200 2129 1259 2155; x_wconf 88' lang='lat' dir='ltr'>vs.</span> <span class='ocrx_word' id='word_1_225' title='bbox 1286 2116 1393 2167; x_wconf 77' lang='lat'>106,</span> <span class='ocrx_word' id='word_1_226' title='bbox 1427 2113 1525 2156; x_wconf 73' lang='grc' dir='ltr'>κατά</span> <span class='ocrx_word' id='word_1_227' title='bbox 1546 2114 1713 2166; x_wconf 82' lang='grc' dir='ltr'>παλμὸν</span> 
     </span>
     <span class='ocr_line' id='line_1_27' title="bbox 98 2190 1714 2249; baseline -0.002 -14"><span class='ocrx_word' id='word_1_228' title='bbox 98 2194 166 2235; x_wconf 87' lang='lat' dir='ltr'>vel</span> <span class='ocrx_word' id='word_1_229' title='bbox 207 2194 489 2248; x_wconf 80' lang='grc' dir='ltr'>ἀποπαλμόυ,</span> <span class='ocrx_word' id='word_1_230' title='bbox 537 2208 618 2249; x_wconf 90' lang='lat' dir='ltr'>quo</span> <span class='ocrx_word' id='word_1_231' title='bbox 654 2194 845 2248; x_wconf 68' lang='lat' dir='ltr'>„exiguis</span> <span class='ocrx_word' id='word_1_232' title='bbox 878 2193 1109 2234; x_wconf 86' lang='lat' dir='ltr'>intervallis</span> <span class='ocrx_word' id='word_1_233' title='bbox 1139 2192 1370 2234; x_wconf 83' lang='lat' dir='ltr'>resultant&#39;’</span> <span class='ocrx_word' id='word_1_234' title='bbox 1403 2206 1462 2232; x_wconf 87' lang='lat' dir='ltr'>vs.</span> <span class='ocrx_word' id='word_1_235' title='bbox 1500 2192 1606 2245; x_wconf 91' lang='lat'>101).</span> <span class='ocrx_word' id='word_1_236' title='bbox 1653 2190 1714 2231; x_wconf 93' lang='lat' dir='ltr'>Hi</span> 
     </span>
    </p>
   </div>
   <div class='ocr_carea' id='block_1_3' title="bbox 99 2346 338 2350">
    <p class='ocr_par' dir='ltr' id='par_1_4' title="bbox 99 2346 338 2350">
     <span class='ocr_line' id='line_1_28' title="bbox 99 2346 338 2350; baseline 0 0"><span class='ocrx_word' id='word_1_237' title='bbox 99 2346 338 2350; x_wconf 95' lang='lat' dir='ltr'> </span> 
     </span>
    </p>
   </div>
   <div class='ocr_carea' id='block_1_4' title="bbox 98 2411 1714 3021">
    <p class='ocr_par' dir='ltr' id='par_1_5' title="bbox 98 2411 1713 2582">
     <span class='ocr_line' id='line_1_29' title="bbox 143 2411 1713 2456; baseline -0.003 -9"><span class='ocrx_word' id='word_1_238' title='bbox 143 2415 168 2455; x_wconf 83' lang='lat' dir='ltr'>l)</span> <span class='ocrx_word' id='word_1_239' title='bbox 213 2415 328 2456; x_wconf 85' lang='lat' dir='ltr'>Neque</span> <span class='ocrx_word' id='word_1_240' title='bbox 350 2425 367 2446; x_wconf 93' lang='lat' dir='ltr'>e</span> <span class='ocrx_word' id='word_1_241' title='bbox 391 2414 554 2446; x_wconf 86' lang='lat' dir='ltr'>Ciceronis</span> <span class='ocrx_word' id='word_1_242' title='bbox 576 2414 683 2446; x_wconf 85' lang='lat' dir='ltr'>verbis</span> <span class='ocrx_word' id='word_1_243' title='bbox 706 2415 744 2446; x_wconf 88' lang='lat' dir='ltr'>de</span> <span class='ocrx_word' id='word_1_244' title='bbox 768 2414 841 2445; x_wconf 85' lang='lat' dir='ltr'>Fin.</span> <span class='ocrx_word' id='word_1_245' title='bbox 868 2414 884 2445; x_wconf 95' lang='lat' dir='ltr'>I</span> <span class='ocrx_word' id='word_1_246' title='bbox 898 2439 906 2452; x_wconf 84' lang='lat'>‚</span> <span class='ocrx_word' id='word_1_247' title='bbox 931 2425 999 2454; x_wconf 84' lang='lat' dir='ltr'>cap.</span> <span class='ocrx_word' id='word_1_248' title='bbox 1023 2414 1072 2446; x_wconf 91' lang='lat' dir='ltr'>VI</span> <span class='ocrx_word' id='word_1_249' title='bbox 1087 2438 1094 2452; x_wconf 89' lang='lat'>‚</span> <span class='ocrx_word' id='word_1_250' title='bbox 1123 2415 1160 2444; x_wconf 87' lang='grc'>19</span> <span class='ocrx_word' id='word_1_251' title='bbox 1183 2412 1322 2454; x_wconf 84' lang='lat' dir='ltr'>perspici</span> <span class='ocrx_word' id='word_1_252' title='bbox 1343 2415 1459 2453; x_wconf 83' lang='lat' dir='ltr'>potest.</span> <span class='ocrx_word' id='word_1_253' title='bbox 1492 2412 1568 2443; x_wconf 88' lang='lat' dir='ltr'>Iure</span> <span class='ocrx_word' id='word_1_254' title='bbox 1584 2411 1713 2443; x_wconf 82' lang='lat' dir='ltr'>Tullius</span> 
     </span>
     <span class='ocr_line' id='line_1_30' title="bbox 98 2474 1713 2518; baseline -0.002 -9"><span class='ocrx_word' id='word_1_255' title='bbox 98 2477 328 2509; x_wconf 72' lang='lat' dir='ltr'>animadvertit</span> <span class='ocrx_word' id='word_1_256' title='bbox 348 2477 409 2509; x_wconf 86' lang='lat' dir='ltr'>hoc</span> <span class='ocrx_word' id='word_1_257' title='bbox 432 2488 465 2509; x_wconf 88' lang='lat' dir='ltr'>re</span> <span class='ocrx_word' id='word_1_258' title='bbox 488 2488 565 2508; x_wconf 85' lang='lat' dir='ltr'>vera</span> <span class='ocrx_word' id='word_1_259' title='bbox 587 2488 655 2509; x_wconf 86' lang='lat' dir='ltr'>esse</span> <span class='ocrx_word' id='word_1_260' title='bbox 679 2477 771 2518; x_wconf 84' lang='lat' dir='ltr'>quasi</span> <span class='ocrx_word' id='word_1_261' title='bbox 793 2476 976 2518; x_wconf 83' lang='lat' dir='ltr'>provincias</span> <span class='ocrx_word' id='word_1_262' title='bbox 999 2476 1114 2508; x_wconf 84' lang='lat' dir='ltr'>atomis</span> <span class='ocrx_word' id='word_1_263' title='bbox 1138 2477 1212 2508; x_wconf 83' lang='lat' dir='ltr'>dare</span> <span class='ocrx_word' id='word_1_264' title='bbox 1235 2478 1268 2508; x_wconf 83' lang='lat' dir='ltr'>et</span> <span class='ocrx_word' id='word_1_265' title='bbox 1290 2478 1401 2507; x_wconf 87' lang='lat' dir='ltr'>contra</span> <span class='ocrx_word' id='word_1_266' title='bbox 1416 2475 1518 2516; x_wconf 76' lang='lat' dir='ltr'>ipsam</span> <span class='ocrx_word' id='word_1_267' title='bbox 1535 2474 1713 2506; x_wconf 81' lang='lat' dir='ltr'>doctrinam</span> 
     </span>
     <span class='ocr_line' id='line_1_31' title="bbox 98 2551 288 2582; baseline -0.005 -10"><span class='ocrx_word' id='word_1_268' title='bbox 98 2551 288 2582; x_wconf 85' lang='lat' dir='ltr'>repugnare.</span> 
     </span>
    </p>

    <p class='ocr_par' dir='ltr' id='par_1_6' title="bbox 99 2599 1714 2895">
     <span class='ocr_line' id='line_1_32' title="bbox 141 2599 1712 2643; baseline -0.003 -9"><span class='ocrx_word' id='word_1_269' title='bbox 141 2603 165 2641; x_wconf 82' lang='grc'>2)</span> <span class='ocrx_word' id='word_1_270' title='bbox 211 2602 372 2643; x_wconf 85' lang='lat' dir='ltr'>Epicurus</span> <span class='ocrx_word' id='word_1_271' title='bbox 403 2601 488 2633; x_wconf 85' lang='lat' dir='ltr'>idem</span> <span class='ocrx_word' id='word_1_272' title='bbox 511 2602 621 2634; x_wconf 88' lang='lat' dir='ltr'>docuit</span> <span class='ocrx_word' id='word_1_273' title='bbox 643 2602 740 2634; x_wconf 90' lang='lat' dir='ltr'>Deor.</span> <span class='ocrx_word' id='word_1_274' title='bbox 768 2602 841 2633; x_wconf 85' lang='lat' dir='ltr'>Nat.</span> <span class='ocrx_word' id='word_1_275' title='bbox 868 2602 884 2633; x_wconf 91' lang='lat' dir='ltr'>I</span> <span class='ocrx_word' id='word_1_276' title='bbox 899 2627 906 2640; x_wconf 89' lang='lat'>‚</span> <span class='ocrx_word' id='word_1_277' title='bbox 942 2612 1010 2642; x_wconf 85' lang='lat' dir='ltr'>cap.</span> <span class='ocrx_word' id='word_1_278' title='bbox 1035 2601 1151 2640; x_wconf 86' lang='lat' dir='ltr'>XXV,</span> <span class='ocrx_word' id='word_1_279' title='bbox 1176 2603 1237 2632; x_wconf 87' lang='lat'>60:</span> <span class='ocrx_word' id='word_1_280' title='bbox 1284 2600 1405 2639; x_wconf 76' lang='lat' dir='ltr'>„Velut</span> <span class='ocrx_word' id='word_1_281' title='bbox 1428 2599 1607 2640; x_wconf 88' lang='lat' dir='ltr'>Epicurus,</span> <span class='ocrx_word' id='word_1_282' title='bbox 1639 2610 1712 2631; x_wconf 91' lang='lat' dir='ltr'>cum</span> 
     </span>
     <span class='ocr_line' id='line_1_33' title="bbox 99 2662 1714 2705; baseline -0.003 -7"><span class='ocrx_word' id='word_1_283' title='bbox 99 2666 224 2698; x_wconf 85' lang='lat' dir='ltr'>videret</span> <span class='ocrx_word' id='word_1_284' title='bbox 260 2665 288 2697; x_wconf 89' lang='lat' dir='ltr'>si</span> <span class='ocrx_word' id='word_1_285' title='bbox 321 2665 420 2697; x_wconf 86' lang='lat' dir='ltr'>atomi</span> <span class='ocrx_word' id='word_1_286' title='bbox 451 2666 613 2697; x_wconf 81' lang='lat' dir='ltr'>ferrentur</span> <span class='ocrx_word' id='word_1_287' title='bbox 642 2665 677 2696; x_wconf 85' lang='lat' dir='ltr'>iu</span> <span class='ocrx_word' id='word_1_288' title='bbox 713 2665 820 2697; x_wconf 92' lang='lat' dir='ltr'>locum</span> <span class='ocrx_word' id='word_1_289' title='bbox 843 2665 1028 2696; x_wconf 85' lang='lat' dir='ltr'>inferiorem</span> <span class='ocrx_word' id='word_1_290' title='bbox 1052 2668 1165 2705; x_wconf 80' lang='lat' dir='ltr'>suopte</span> <span class='ocrx_word' id='word_1_291' title='bbox 1188 2665 1327 2705; x_wconf 88' lang='lat' dir='ltr'>pondere</span> <span class='ocrx_word' id='word_1_292' title='bbox 1351 2663 1435 2694; x_wconf 88' lang='lat' dir='ltr'>nihil</span> <span class='ocrx_word' id='word_1_293' title='bbox 1457 2663 1524 2694; x_wconf 81' lang='lat' dir='ltr'>fore</span> <span class='ocrx_word' id='word_1_294' title='bbox 1546 2662 1581 2694; x_wconf 86' lang='lat' dir='ltr'>in</span> <span class='ocrx_word' id='word_1_295' title='bbox 1604 2666 1714 2694; x_wconf 84' lang='lat' dir='ltr'>nostra</span> 
     </span>
     <span class='ocr_line' id='line_1_34' title="bbox 99 2725 1712 2769; baseline -0.002 -10"><span class='ocrx_word' id='word_1_296' title='bbox 99 2731 276 2769; x_wconf 84' lang='lat' dir='ltr'>potestate,</span> <span class='ocrx_word' id='word_1_297' title='bbox 302 2728 387 2768; x_wconf 88' lang='lat' dir='ltr'>quod</span> <span class='ocrx_word' id='word_1_298' title='bbox 410 2731 494 2758; x_wconf 81' lang='lat' dir='ltr'>esset</span> <span class='ocrx_word' id='word_1_299' title='bbox 516 2737 625 2758; x_wconf 86' lang='lat' dir='ltr'>earum</span> <span class='ocrx_word' id='word_1_300' title='bbox 648 2732 755 2758; x_wconf 86' lang='lat' dir='ltr'>motus</span> <span class='ocrx_word' id='word_1_301' title='bbox 779 2730 884 2758; x_wconf 84' lang='lat' dir='ltr'>certus</span> <span class='ocrx_word' id='word_1_302' title='bbox 908 2731 941 2757; x_wconf 89' lang='lat' dir='ltr'>et</span> <span class='ocrx_word' id='word_1_303' title='bbox 961 2725 1178 2765; x_wconf 85' lang='lat' dir='ltr'>necessarius,</span> <span class='ocrx_word' id='word_1_304' title='bbox 1211 2725 1337 2757; x_wconf 84' lang='lat' dir='ltr'>invenit</span> <span class='ocrx_word' id='word_1_305' title='bbox 1351 2749 1358 2763; x_wconf 96' lang='lat'>‚</span> <span class='ocrx_word' id='word_1_306' title='bbox 1391 2735 1454 2766; x_wconf 90' lang='lat' dir='ltr'>quo</span> <span class='ocrx_word' id='word_1_307' title='bbox 1487 2725 1580 2756; x_wconf 90' lang='lat' dir='ltr'>modo</span> <span class='ocrx_word' id='word_1_308' title='bbox 1602 2734 1712 2755; x_wconf 86' lang='lat' dir='ltr'>neces-</span> 
     </span>
     <span class='ocr_line' id='line_1_35' title="bbox 101 2787 1714 2831; baseline -0.002 -10"><span class='ocrx_word' id='word_1_309' title='bbox 101 2790 227 2822; x_wconf 80' lang='lat' dir='ltr'>sitatem</span> <span class='ocrx_word' id='word_1_310' title='bbox 250 2790 427 2831; x_wconf 83' lang='lat' dir='ltr'>effugeret,</span> <span class='ocrx_word' id='word_1_311' title='bbox 461 2790 546 2831; x_wconf 92' lang='lat' dir='ltr'>quod</span> <span class='ocrx_word' id='word_1_312' title='bbox 568 2789 721 2821; x_wconf 87' lang='lat' dir='ltr'>videlicet</span> <span class='ocrx_word' id='word_1_313' title='bbox 744 2789 966 2821; x_wconf 85' lang='lat' dir='ltr'>Democritum</span> <span class='ocrx_word' id='word_1_314' title='bbox 989 2789 1137 2830; x_wconf 84' lang='lat' dir='ltr'>fugerat:</span> <span class='ocrx_word' id='word_1_315' title='bbox 1165 2788 1211 2820; x_wconf 89' lang='lat' dir='ltr'>ait</span> <span class='ocrx_word' id='word_1_316' title='bbox 1236 2792 1400 2827; x_wconf 80' lang='lat' dir='ltr'>atomum,</span> <span class='ocrx_word' id='word_1_317' title='bbox 1424 2798 1499 2818; x_wconf 87' lang='lat' dir='ltr'>cum</span> <span class='ocrx_word' id='word_1_318' title='bbox 1519 2787 1659 2828; x_wconf 88' lang='lat' dir='ltr'>pondere</span> <span class='ocrx_word' id='word_1_319' title='bbox 1681 2790 1714 2818; x_wconf 85' lang='lat' dir='ltr'>et</span> 
     </span>
     <span class='ocr_line' id='line_1_36' title="bbox 100 2852 1133 2895; baseline -0.002 -10"><span class='ocrx_word' id='word_1_320' title='bbox 100 2853 259 2895; x_wconf 83' lang='lat' dir='ltr'>gravitate</span> <span class='ocrx_word' id='word_1_321' title='bbox 282 2852 403 2884; x_wconf 86' lang='lat' dir='ltr'>directo</span> <span class='ocrx_word' id='word_1_322' title='bbox 425 2853 556 2884; x_wconf 84' lang='lat' dir='ltr'>deorsus</span> <span class='ocrx_word' id='word_1_323' title='bbox 578 2853 701 2884; x_wconf 82' lang='lat' dir='ltr'>feratur</span> <span class='ocrx_word' id='word_1_324' title='bbox 714 2876 722 2892; x_wconf 89' lang='lat'>‚</span> <span class='ocrx_word' id='word_1_325' title='bbox 746 2852 907 2884; x_wconf 86' lang='lat' dir='ltr'>declinare</span> <span class='ocrx_word' id='word_1_326' title='bbox 929 2852 1133 2893; x_wconf 78' lang='lat' dir='ltr'>paululum.&#39;’</span> 
     </span>
    </p>

    <p class='ocr_par' dir='ltr' id='par_1_7' title="bbox 142 2915 545 2957">
     <span class='ocr_line' id='line_1_37' title="bbox 142 2915 545 2957; baseline -0.005 -9"><span class='ocrx_word' id='word_1_327' title='bbox 142 2916 165 2954; x_wconf 78' lang='lat'>³)</span> <span class='ocrx_word' id='word_1_328' title='bbox 213 2915 263 2948; x_wconf 84' lang='lat' dir='ltr'>cf.</span> <span class='ocrx_word' id='word_1_329' title='bbox 288 2915 347 2954; x_wconf 90' lang='grc' dir='ltr'>ΙΙ,</span> <span class='ocrx_word' id='word_1_330' title='bbox 373 2916 452 2955; x_wconf 86' lang='grc'><strong>973,</strong></span> <span class='ocrx_word' id='word_1_331' title='bbox 476 2926 545 2957; x_wconf 83' lang='lat' dir='ltr'>sqq.</span> 
     </span>
    </p>

    <p class='ocr_par' dir='ltr' id='par_1_8' title="bbox 143 2978 375 3021">
     <span class='ocr_line' id='line_1_38' title="bbox 143 2978 375 3021; baseline -0.009 -11"><span class='ocrx_word' id='word_1_332' title='bbox 143 2978 170 3021; x_wconf 72' lang='lat'>⁴²)</span> <span class='ocrx_word' id='word_1_333' title='bbox 217 2978 257 3017; x_wconf 92' lang='lat' dir='ltr'>I,</span> <span class='ocrx_word' id='word_1_334' title='bbox 284 2980 375 3009; x_wconf 85' lang='lat'>1021.</span> 
     </span>
    </p>
   </div>
  </div>
 </body>
</html>
