1921 3235
883 122 960 161 169

119 257 309 311 magistri
341 271 431 298 esse
461 255 748 307 intellexeris,
780 268 864 295 non
894 254 1073 309 amplius
1102 253 1278 308 negabis
1299 252 1544 294 Lucretium
1566 252 1727 306 reliqua

119 348 282 390 quoque
313 335 364 376 ab
385 348 433 375 eo
456 333 678 388 sumpsisse
697 365 706 385 ,
739 346 990 387 quamquam
1006 332 1179 373 fortasse
1200 346 1260 372 vs.
1282 333 1332 372 75
1351 344 1463 386 seqq.
1480 330 1552 371 ubi
1570 329 1728 369 invidia

119 416 161 453 et
191 426 296 467 quae
329 425 384 452 ex
414 425 463 452 ea
493 415 723 465 sequuntur
753 410 879 462 vitia,
911 410 1056 450 mortis
1077 410 1216 450 timori
1236 409 1504 461 tribuuntur,
1527 406 1726 462 excipies,

118 502 211 529 cum
242 493 391 543 poetae
423 488 607 528 animum
638 487 834 528 acerbum
865 500 997 542 eoque
1026 491 1354 541 exaggerantem
1375 484 1610 526 ostendant.

173 565 268 606 Hoc
314 565 482 606 demum
522 569 638 605 metu
679 564 847 619 dempto
880 578 901 605 e
934 564 1118 605 tenebris
1150 564 1307 604 clarum
1339 562 1555 604 extollitur
1583 561 1727 601 lumen

117 646 160 683 et
204 642 419 683 commoda
458 642 569 682 vitae
610 642 894 694 illustrantur,
941 642 1013 682 sed
1046 656 1140 682 cum
1171 641 1408 695 ignorantia
1436 639 1560 680 huius
1590 642 1728 679 metus

117 719 171 759 sit
207 733 352 771 causa,
389 723 623 770 „necessest
653 733 736 759 non
766 718 872 759 radii
905 719 1002 759 solis
1032 732 1167 773 neque
1199 717 1338 758 lucida
1367 717 1453 757 tela.
1485 716 1565 756 diei
1597 718 1725 765 (eum)

117 796 366 849 discutiant,
399 795 472 836 sed
502 800 677 836 naturae
710 796 870 851 species
897 796 1112 850 ratioque''
1140 799 1199 847 ¹),
1231 795 1299 835 vel
1320 799 1366 835 ut
1385 794 1475 849 ipse
1496 793 1726 848 Epicurus:

116 875 190 916 οὐκ
233 877 284 923 ἧν
331 874 426 915 ἄνευ
475 875 755 929 φυσιολογίας
798 875 1012 929 ἀκεραίους
1044 874 1119 921 τὰς
1151 871 1310 921 ἡδονὰς
1342 870 1662 926 ἀπολαμβάνειν
1683 868 1725 922 ²).

115 950 321 1005 Exposita
363 951 407 991 in
451 951 558 991 libro
590 951 714 990 tertio
748 950 798 990 de
830 950 959 990 animi
990 954 1141 990 natura
1173 949 1359 990 doctrina
1390 953 1432 989 et
1463 947 1727 989 conclusione

114 1028 251 1083 posita
285 1028 427 1080 „nobis
458 1029 517 1068 nil
549 1041 639 1068 esse
670 1028 713 1067 in
744 1032 878 1068 morte
910 1027 1201 1080 timendum”,
1233 1026 1331 1067 inde
1363 1041 1387 1067 a
1417 1040 1476 1066 vs.
1500 1027 1581 1066 870
1603 1028 1728 1079 poeta

115 1119 276 1146 summa
306 1119 400 1146 cuin
431 1110 519 1146 arte
551 1105 666 1146 illam
697 1105 1007 1145 conclusionem
1037 1103 1238 1156 adhibet,
1272 1108 1318 1144 ut
1341 1117 1483 1143 eorum
1506 1102 1728 1143 stultitiam

114 1183 352 1238 vituperet,
395 1183 466 1238 qui
511 1187 605 1237 post
646 1188 823 1223 mortem
867 1196 909 1222 se
939 1182 1122 1222 victuros
1153 1182 1261 1233 rati,
1304 1181 1434 1222 vitam
1464 1180 1727 1221 lamentatio-

114 1260 236 1300 nibus
282 1264 354 1300 aut
394 1259 627 1301 immodicis
673 1259 960 1314 voluptatibus
1005 1259 1274 1313 indulgentes
1306 1258 1476 1313 degunt.
1537 1258 1728 1298 Primum

114 1343 211 1380 sunt
251 1340 321 1395 qui
353 1339 522 1380 credere
555 1353 597 1380 se
631 1339 770 1380 dicant
800 1339 963 1379 nullum
994 1352 1162 1378 sensum
1192 1338 1236 1377 in
1267 1341 1400 1378 morte
1433 1337 1510 1377 sibi
1540 1336 1728 1376 futurum

115 1421 157 1458 et
197 1421 338 1458 tamen
385 1421 611 1472 querantur
647 1421 765 1472 „post
794 1420 972 1457 mortem
1002 1415 1089 1456 fore
1121 1420 1167 1456 ut
1198 1420 1272 1456 aut
1302 1418 1524 1470 putescant
1555 1427 1728 1469 corpore

113 1498 233 1549 posto
285 1498 357 1535 aut
406 1494 583 1534 flammis
632 1493 845 1534 interfiant
885 1493 1060 1533 malisve
1104 1492 1314 1533 ferarum''
1338 1491 1392 1545 3);
1439 1491 1484 1531 111
1513 1505 1597 1531 11011
1629 1490 1729 1532 dant

115 1571 225 1627 quod
269 1571 544 1626 promittunt,
591 1571 669 1612 sibi
705 1585 789 1611 non
821 1575 1041 1623 constant,
1088 1584 1183 1611 cum
1215 1570 1392 1610 timeant
1423 1583 1475 1610 ne
1508 1568 1607 1624 quid
1639 1582 1730 1608 sen-

114 1649 220 1689 tiant
264 1652 359 1704 post
403 1654 606 1701 mortem,
655 1649 732 1689 etsi
773 1648 851 1703 ipsi
889 1648 1065 1689 confessi
1110 1648 1197 1688 sint
1228 1661 1271 1688 se
1302 1652 1393 1688 tum
1423 1646 1530 1687 nihil
1562 1645 1729 1686 omnino

114 1726 268 1768 sentire
305 1740 439 1781 posse.
500 1726 610 1767 Item
641 1726 876 1781 Epicurus:
910 1726 1037 1768 οὐθὲν
1069 1727 1150 1780 γάρ
1187 1727 1295 1767 ἐστιν
1327 1726 1368 1766 ἐν
1400 1727 1457 1780 τῷ
1488 1724 1563 1773 ζῆν
1596 1722 1730 1766 δεινὸν

113 1807 172 1859 τῷ
201 1803 460 1858 κατειληφότι
505 1806 748 1859 γνησίως
795 1804 842 1844 τὸ
887 1801 1013 1856 μηδὲν
1060 1801 1262 1858 ὑπάρχειν
1304 1804 1346 1844 ἐν
1376 1805 1432 1857 τῷ
1461 1803 1515 1856 μὴ
1547 1801 1624 1850 ζῆν
1655 1799 1729 1843 δει-

116 1882 194 1923 νόν
214 1884 262 1934 4).
323 1882 407 1923 Τὸν
439 1882 575 1936 σοφὸν
607 1882 656 1922 οὐ
689 1880 798 1923 δοκεῖ
819 1912 827 1921 .
852 1912 861 1921 .
885 1913 892 1921 .
924 1887 1056 1936 ταφῆς
1088 1886 1298 1936 φροντιεῖν
1320 1880 1366 1933 5).

171 1957 336 1999 Deinde
381 1963 479 1999 sunt
525 1959 595 2014 qui
641 1972 725 1999 non
771 1958 933 1999 dolores
977 1962 1070 2013 post
1101 1971 1343 2013 supremum
1374 1957 1485 1998 diem
1515 1960 1730 2009 metuant,

116 2035 190 2076 sed
225 2035 376 2091 quibus
408 2050 451 2076 se
482 2040 667 2077 mortuos
699 2036 891 2077 omnibus
920 2037 1033 2077 vitae
1065 2036 1229 2091 gaudiis
1261 2049 1403 2077 carere
1435 2035 1585 2076 doleat.
1646 2034 1731 2075 Ne-

115 2126 195 2168 que
240 2117 382 2153 tamen
427 2112 505 2153 hoc
546 2113 590 2153 in
634 2113 782 2154 intimo
825 2113 1008 2154 humano
1055 2113 1177 2154 corde
1219 2113 1338 2169 quasi
1367 2113 1558 2153 innatum
1589 2111 1732 2166 gaudii

116 2190 367 2231 desiderium
398 2195 547 2246 poetae
579 2205 713 2247 aequa
743 2196 806 2232 est
838 2196 879 2232 et
911 2192 1021 2232 iusta
1050 2192 1197 2232 mortis
1228 2191 1388 2232 timoris
1410 2205 1557 2244 causa,
1589 2204 1731 2246 quam-

116 2281 241 2323 quam
285 2282 369 2308 non
409 2268 621 2323 vituperat
667 2268 741 2309 sed
781 2269 920 2324 potius
961 2269 1197 2310 consolatur
1239 2282 1357 2322 eum,
1398 2268 1469 2324 qui
1499 2268 1560 2308 ita
1589 2267 1728 2308 sentit.

116 2420 307 2452 contendere
340 2420 445 2452 ausim
474 2421 629 2453 Senecam
651 2432 704 2454 eas
726 2422 884 2464 imagines
906 2433 947 2454 ex
969 2422 1105 2463 Epicuri
1126 2421 1254 2463 scriptis
1275 2421 1433 2454 hausisse.
1480 2421 1730 2453 Animadverta-

115 2493 188 2514 mus
220 2486 384 2522 praeterea
408 2483 560 2515 Senecam
584 2483 667 2515 illud
689 2487 828 2524 erzffitur
845 2496 979 2525 persona
1003 2490 1104 2516 manet
1127 2496 1193 2524 res,
1227 2496 1301 2516 cum
1322 2488 1360 2516 ut
1382 2486 1484 2524 ipsam
1505 2488 1632 2515 mortem
1654 2494 1728 2525 cog-

114 2555 285 2577 noscamus
313 2549 346 2577 et
378 2545 463 2577 nihil
492 2557 561 2578 esse
591 2546 626 2578 in
659 2557 697 2578 ea
727 2547 871 2580 terribile
902 2548 964 2580 nisi
987 2548 1095 2589 ipsum
1117 2548 1268 2580 timorem
1291 2554 1442 2588 putemus
1459 2571 1467 2586 ‚
1498 2547 1533 2578 id
1554 2546 1727 2586 adhibeat,

116 2606 300 2638 accuratius
331 2607 497 2648 scripsisse
531 2619 627 2649 quam
651 2609 861 2649 Lucretium,
886 2621 960 2641 cum
983 2611 1021 2642 de
1044 2621 1119 2642 vero
1143 2611 1277 2641 hominis
1300 2614 1388 2642 statu
1413 2610 1567 2641 adversus
1593 2612 1730 2641 mortem

115 2668 144 2700 is
165 2669 336 2710 loquatur3
361 2670 472 2711 itaque
494 2670 602 2702 minus
624 2670 709 2703 iuste
732 2683 799 2703 rem
821 2683 950 2704 manere
973 2673 1061 2705 dicit.

159 2731 185 2772 ¹)
233 2732 308 2770 ΙΙΙ,
336 2734 350 2763 1
376 2743 487 2774 seqq.,
512 2735 550 2764 91
575 2744 663 2775 seqq.

158 2792 185 2831 ²)
232 2793 274 2824 D.
300 2793 336 2824 L.
361 2793 414 2832 X,
441 2796 511 2826 143.

159 2855 181 2892 ³)
228 2855 306 2894 III,
331 2858 395 2889 870
417 2867 504 2898 seqq.

159 2918 184 2959 ⁴)
232 2918 262 2949 D
299 2919 336 2950 L.
362 2918 413 2957 X,
440 2921 511 2951 125.

159 2979 185 3020 ⁵)
233 2980 272 3011 D.
298 2981 334 3012 L.
361 2981 412 3019 X,
441 2983 508 3013 118.
