1894 3235
945 139 999 179 30

161 270 239 312 hoc
283 285 431 312 revera
471 271 617 312 fecisse
659 272 793 312 multa
823 272 942 312 nobis
973 272 1239 327 persuadent.
1301 272 1411 313 Nam
1443 286 1549 328 quae
1582 273 1632 314 de
1664 273 1778 315 Ana-

162 362 346 403 xagorae
377 349 533 404 profert
565 349 774 402 doctrina,
819 363 916 390 eum
948 350 1136 391 docuisse
1170 364 1259 391 esse
1291 350 1630 391 homoeomerian
1663 355 1705 392 et
1735 351 1778 391 in

163 426 355 468 omnibus
385 426 510 467 rebus
542 427 682 467 omnia
712 427 878 480 inesse,
921 427 1125 468 eiusmodi
1157 431 1284 479 sunt,
1315 432 1363 468 ut
1394 428 1537 483 procul
1569 427 1695 469 dubio
1726 428 1779 469 ab

162 504 251 560 ipso
293 504 475 559 Epicuro
516 504 598 544 sint
644 508 822 545 tractata
895 504 1054 558 Porro,
1101 510 1147 546 ut
1189 506 1412 560 magister,
1456 506 1513 546 sic
1546 505 1775 561 discipulus

163 595 327 637 quoque
346 614 356 634 ,
402 595 484 622 non
516 595 650 636 pauca
681 594 735 621 ex
767 580 1049 636 Anaxagorae
1080 587 1221 624 mente
1254 583 1362 623 dixit
1386 574 1424 636 ¹).
1487 583 1570 624 Sed
1600 583 1643 624 ni
1675 583 1780 624 falli-

161 673 281 712 mur,
320 659 518 700 audacius
550 659 632 699 iam
664 658 762 699 licet
793 659 1024 714 loquamur.
1087 660 1154 701 Ex
1186 661 1287 716 ipsis
1318 662 1429 702 enim
1461 666 1609 716 poetae
1640 662 1780 703 verbis

161 737 278 792 sequi
323 737 442 777 nobis
485 736 652 777 videtur
694 750 790 777 eum
828 737 1110 791 Anaxagorae
1141 738 1293 779 librum
1324 753 1407 780 non
1438 740 1601 793 legisse.
1662 740 1780 781 Inter

160 813 492 856 homoeomerias
514 814 625 855 enim
649 820 867 855 enumerat
890 816 1014 868 (840,
1048 817 1096 856 41
1120 848 1129 868 ,
1164 817 1214 856 67
1235 849 1244 869 ,
1278 818 1345 870 71)
1368 821 1521 858 terram
1545 822 1587 858 et
1608 818 1749 872 ignem
1769 850 1778 871 ,

161 905 255 932 cum
288 895 428 931 tamen
459 891 711 932 Aristoteles
744 891 904 932 duobus
934 892 1058 945 locis,
1090 892 1161 933 ubi
1195 906 1291 933 eum
1324 893 1549 948 diligenter
1570 895 1685 950 loqui
1710 908 1780 936 ne-

160 982 260 1023 gare
296 983 378 1010 non
411 983 655 1024 possumuS,
690 970 887 1025 quoniam
900 970 1183 1024 Anaxagorae
1202 976 1243 1011 et
1262 970 1529 1026 Empedoclis
1547 972 1780 1014 doctrinam

159 1046 270 1087 inter
286 1060 329 1087 se
347 1047 543 1102 opponit,
561 1046 763 1100 affirmet,
791 1047 909 1088 illum
940 1047 1044 1089 haec
1077 1048 1158 1089 duo
1189 1049 1300 1090 inter
1331 1052 1508 1092 σύνθετα
1531 1050 1716 1106 posuisse
1732 1050 1780 1103 2).

159 1124 219 1165 At
266 1125 393 1165 etiam
435 1124 469 1164 si
510 1124 587 1166 hoc
619 1125 793 1166 fortasse
826 1125 961 1166 dubiis
993 1126 1222 1167 obnoxium
1255 1140 1345 1167 esse
1378 1132 1544 1182 posset,
1591 1132 1781 1169 constare

160 1206 303 1243 tamen
335 1202 528 1256 videtur,
561 1216 708 1243 vocem
731 1206 1007 1258 ὁμοιομέρεια,
1029 1218 1111 1259 qua
1133 1204 1362 1245 similitudo
1391 1205 1577 1246 omnium
1598 1205 1781 1261 partium

162 1279 205 1320 in
236 1280 361 1321 rebus
393 1280 653 1335 simplicibus
685 1281 966 1336 exprimitur,
1000 1296 1082 1322 non
1107 1282 1223 1337 ipsae
1246 1283 1374 1323 atomi
1397 1283 1521 1338 (apud
1538 1283 1782 1324 Lucretium

160 1357 330 1414 quidem
356 1362 398 1399 et
417 1358 682 1413 Epicurum),
715 1372 821 1414 quae
840 1362 981 1399 tamen
999 1374 1083 1400 vox
1101 1374 1125 1400 a
1142 1364 1267 1415 poeta
1288 1360 1570 1415 Anaxagorae
1593 1362 1782 1402 attribui-

160 1440 228 1477 tur
260 1437 307 1491 (I.
342 1451 402 1477 vs.
423 1438 550 1490 834),
583 1437 635 1478 ab
659 1450 707 1478 eo
730 1452 943 1493 nunquam
964 1443 1207 1494 usurpatam
1230 1452 1320 1480 esse
1339 1438 1394 1492 ³),
1418 1453 1511 1480 cum
1533 1444 1695 1495 partes,
1717 1453 1784 1481 res

202 1623 223 1660 ¹)
272 1623 319 1654 Cf.
346 1623 456 1654 Munr.
482 1623 522 1654 ad
547 1623 605 1662 ΙΙ,
639 1634 687 1655 vs.
719 1625 790 1654 991.
840 1623 903 1655 IIic
926 1623 977 1655 vir
1000 1625 1113 1656 doctus
1136 1627 1230 1665 putat
1256 1624 1308 1666 (ad
1334 1625 1369 1663 1,
1396 1625 1469 1666 834)
1511 1625 1700 1656 Lucretium
1723 1635 1781 1664 ea,

157 1695 240 1728 quae
275 1686 314 1717 de
349 1687 544 1727 Anaxagora
573 1686 669 1724 dicit,
695 1686 735 1717 ab
759 1686 828 1727 ipso
852 1690 884 1718 et
907 1687 946 1718 ab
971 1687 1112 1728 Epicuro
1135 1692 1321 1719 mutuatum
1345 1698 1413 1719 esse
1428 1713 1435 1726 ,
1460 1698 1657 1729 quamquam
1679 1687 1779 1720 huius

157 1749 323 1790 opinionis
347 1749 488 1790 priorem
513 1753 635 1790 partem
660 1760 724 1782 non
747 1749 872 1790 probat.

201 1813 226 1854 ²¹)
276 1812 324 1844 Cf.
351 1813 456 1844 Zeller
481 1813 518 1851 Ι,
544 1816 578 1844 4·’“
602 1814 651 1844 ed.
676 1824 749 1854 pag.
776 1815 859 1852 876,
884 1817 916 1845 et
940 1814 1116 1845 Munroum
1141 1815 1179 1845 ad
1204 1825 1251 1845 vs.
1278 1814 1311 1852 Ι,
1338 1816 1410 1845 834.

200 1876 226 1916 3)
273 1875 401 1914 Zeller,
434 1887 507 1917 pag.
532 1877 614 1914 877,
647 1880 713 1908 not.
743 1879 779 1915 l,
816 1876 974 1917 imprimis
1004 1887 1076 1917 pag.
1114 1878 1174 1910 879
1198 1880 1264 1909 not.
1293 1880 1317 1908 l.
1366 1877 1456 1913 Quae
1492 1877 1599 1910 Munr.
1622 1887 1694 1918 pag.
1721 1879 1779 1909 391

156 1938 249 1970 affert
284 1949 300 1970 e
336 1939 507 1980 Gomperts
543 1939 697 1973 Zeitsehs.
722 1940 777 1971 fiir
801 1940 938 1972 Oesterr.
964 1940 1083 1982 Gymn.
1109 1940 1172 1972 vol.
1201 1942 1257 1979 18,
1292 1951 1322 1981 p.
1349 1942 1409 1971 212
1433 1940 1547 1981 fragm.
1572 1942 1612 1979 6,
1644 1940 1718 1972 libri
1743 1942 1782 1972 28

157 2003 232 2042 περὶ
257 2002 399 2043 φύσεως;
435 2005 495 2039 ,πό
531 2015 567 2044 γε
603 2005 787 2044 (στοιχεῖον
835 2003 894 2041 ἤδη
928 2005 988 2041 τὴν
1024 2004 1247 2044 ὁμοιομὲοειιιν
1277 2006 1324 2043 τῷ
1347 2003 1534 2046 φαινομένῳ
1559 2004 1780 2045 κεκτημένον”

155 2065 350 2101 ostendunt,
390 2064 569 2106 Epicurum
593 2064 653 2096 hoe
679 2064 874 2096 vocabulum
898 2065 932 2096 in
955 2065 1114 2106 singulari
1138 2076 1272 2097 numero
1295 2076 1485 2106 usurpasse,
1524 2076 1629 2107 neque
1653 2066 1706 2104 id,
1745 2069 1783 2098 ut

156 2127 370 2167 posteriores,
408 2128 448 2158 ad
482 2127 642 2168 principia
677 2127 914 2159 denominanda
929 2152 936 2166 ,
972 2129 1027 2159 sed
1050 2129 1090 2159 ad
1114 2128 1305 2169 qualitatem
1329 2129 1490 2169 quandam
1515 2128 1757 2169 exprimendam
1774 2153 1781 2167 ,

157 2200 255 2231 quam
279 2189 550 2231 significationem
576 2190 794 2229 abstractam,
833 2196 870 2222 ut
893 2190 1050 2229 dicimus,
1076 2191 1249 2223 Lucretius
1273 2202 1401 2232 quoque
1425 2191 1583 2222 vocabulo
1605 2191 1781 2230 adscribit,

157 2252 183 2284 si
207 2253 285 2293 quid
310 2253 478 2291 videmus,
504 2263 608 2294 neque
632 2257 669 2284 ut
692 2252 797 2284 Zeller
820 2257 914 2293 putat
937 2253 1140 2284 collectivam
1158 2266 1195 2282 =
1215 2255 1255 2284 τὰ
1276 2255 1449 2294 ὁμοιομερῆ
1509 2253 1581 2285 Hoc
1597 2253 1781 2294 exemplum

157 2320 267 2347 autem
301 2316 460 2347 affirmare
492 2327 595 2347 meam
630 2315 814 2356 opinionem
850 2315 931 2346 mihi
964 2316 1102 2347 videtur.
1151 2316 1276 2348 Revera
1311 2316 1397 2347 Plut.
1436 2316 1517 2356 plac.
1544 2316 1580 2354 Ι,
1607 2319 1642 2354 3,
1670 2319 1688 2348 8
1712 2317 1779 2348 ait:

157 2379 225 2411 ἀπὸ
251 2381 307 2411 τοῦ
333 2379 392 2410 οὖν
416 2379 511 2420 ὅμοια
539 2381 578 2410 τὰ
603 2382 685 2420 μέρη
709 2382 791 2411 εἶναι
815 2380 850 2410 ἐν
875 2382 916 2421 τῇ
940 2383 1046 2422 τροφῇ
1071 2383 1141 2416 τοῖς
1165 2379 1400 2421 γεννωμένοις,
1424 2378 1646 2420 ὁμοιομερείας
1675 2380 1782 2417 αὑτὰς

157 2442 313 2481 ἐκάλεσε,
351 2442 406 2473 sed
447 2446 558 2473 contra
586 2453 659 2473 eum
683 2442 874 2474 Aristoteles
897 2446 1055 2481 testatur,
1081 2443 1121 2474 τὰ
1145 2443 1318 2484 ὁμοιομερῆ
1343 2443 1562 2483 (ὀμοιωμὲρεια
1585 2442 1615 2474 ei
1638 2443 1782 2474 nondum

158 2508 206 2536 est
229 2504 356 2546 notum)
382 2505 490 2545 potius
507 2515 623 2536 nomen
642 2505 758 2536 ducere
774 2505 814 2536 ab
830 2505 869 2536 iis
886 2504 981 2536 rebus
993 2529 1000 2543 ‚
1025 2515 1107 2546 quae
1123 2515 1163 2536 ex
1180 2505 1322 2536 ciusdem
1340 2505 1466 2546 generis
1483 2506 1598 2537 atomis
1614 2506 1680 2538 sint
1696 2517 1781 2538 com-

157 2567 280 2608 positae
303 2571 340 2599 ut
362 2578 451 2606 ossa,
475 2578 568 2606 caro,
594 2571 680 2605 cett,
705 2578 777 2598 cum
802 2578 875 2605 aer,
899 2566 1003 2608 ignis,
1031 2567 1276 2599 commixtiones
1300 2567 1365 2599 sint
1381 2578 1398 2599 e
1414 2568 1534 2599 diversi
1550 2570 1676 2609 generis
1692 2568 1781 2609 prin-

158 2630 251 2672 cipiis
289 2630 357 2662 sive
392 2630 569 2662 elementis.
616 2631 714 2662 Arist.
750 2641 780 2671 p.
807 2632 887 2668 314,
927 2640 954 2661 a.
982 2629 1066 2668 (edit.
1094 2630 1234 2672 Bekk.):
1277 2631 1533 2673 (Ἀναξαγόρας)
1569 2632 1630 2671 μὲν
1653 2633 1715 2673 γὰρ
1741 2633 1782 2664 τὰ

157 2694 333 2736 ὁμοιομερῆ
369 2697 517 2734 στοιχεῖα
543 2692 699 2732 τίθησιν,
736 2693 808 2725 οἷον
830 2695 953 2726 ὀστοῦν
976 2695 1031 2725 καὶ
1056 2695 1164 2734 σάρκα
1189 2695 1243 2725 καὶ
1266 2695 1399 2734 μυελόν,
1425 2696 1478 2725 καὶ
1503 2698 1569 2726 τῶν
1591 2696 1709 2726 ἄλλων
1733 2694 1782 2726 ὧν

157 2756 299 2788 ἑκάστου
338 2758 535 2795 συνώνυμον
574 2758 611 2788 τὸ
650 2755 747 2796 μέρος
784 2756 888 2787 ἐστιν.
935 2756 1140 2796 Δημόκριτος
1179 2755 1208 2787 δὲ
1249 2757 1302 2788 καὶ
1337 2756 1527 2794 Λεύκιππος
1560 2756 1595 2788 ἐκ·
1620 2758 1782 2798 σωμάτων

158 2818 357 2859 ἀδιαιρέτων
396 2820 505 2851 τᾶλλα
546 2817 741 2861 συγκεῖσθαί
779 2825 876 2860 φασι,
917 2821 1023 2850 ταῦτα
1059 2819 1209 2860 δ’ᾰπειρα
1235 2821 1288 2851 καὶ
1312 2821 1351 2852 τὸ
1376 2821 1510 2858 πλῆθος
1535 2822 1617 2852 εἶναι
1641 2821 1697 2852 καὶ
1721 2822 1781 2859 τὰς

158 2883 304 2923 μορφάς,
341 2881 428 2912 αὐτὰ
461 2881 492 2913 δὲ
529 2885 614 2922 πρὸς
647 2882 734 2913 αὐτὰ
769 2880 934 2922 διαφέρειν
959 2880 1090 2918 τούτοις
1114 2883 1145 2914 ἐξ
1171 2882 1217 2914 ὧν
1241 2882 1299 2913 εἰσὶ
1325 2884 1377 2913 καὶ
1402 2882 1488 2913 θέσει
1512 2883 1567 2914 καὶ
1591 2884 1678 2919 τάξει
1705 2883 1780 2914 τού-

159 2957 247 2975 των.
279 2968 306 2975 ..
333 2945 373 2982 (οἱ
398 2946 470 2976 πεοὶ
494 2946 733 2986 Ἀναξαγόραν
757 2944 904 2986 λέγουσι)
932 2947 1043 2976 ταῦτα
1067 2945 1127 2986 μὲν
1151 2947 1272 2987 (σάρκα
1296 2947 1349 2977 καὶ
1367 2947 1490 2979 ὀστοῦν
1507 2959 1561 2977 xm
1578 2948 1619 2978 τὰ
1640 2948 1780 2978 τοιαῦτα

159 3009 226 3038 τῶν
251 3006 462 3048 ὁμοιομερῶν)
489 3007 586 3040 ἁπλᾶ
611 3009 665 3038 καὶ
690 3010 858 3048 στοιχεῖα,
885 3010 949 3049 γῆν
973 3007 1004 3039 δὲ
1030 3008 1083 3039 καὶ
1108 3010 1174 3049 πῦρ
1199 3009 1251 3039 καὶ
1278 3007 1364 3049 ὕδωρ
1389 3010 1443 3040 καὶ
1467 3008 1547 3049 ἀέρα
1573 3010 1732 3041 σύνθετα.
