1894 3235
920 103 1002 144 134

146 237 260 292 globi
306 237 568 279 revolutione
614 237 737 279 modo
769 238 919 291 aliam,
966 237 1088 279 modo
1120 238 1247 278 aliam
1278 238 1452 279 formam
1482 236 1700 278 videamus
1722 241 1764 287 1).

146 315 340 371 Denique
386 315 594 357 Heracliti
641 316 782 371 opinio
828 316 963 356 refelli
996 330 1078 356 non
1111 321 1276 371 potest,
1319 316 1388 371 qui
1422 315 1542 356 docet
1577 329 1766 370 „semper

146 407 298 434 novam
344 394 487 434 lunam
528 394 660 434 creari
707 393 850 434 ordine
883 394 1109 435 formarum
1141 399 1254 434 certo
1287 394 1494 448 certisque
1526 392 1697 447 figuris''
1719 392 1765 442 2).

147 471 253 512 Cum
299 476 439 512 tamen
482 470 589 512 obici
622 476 762 526 posset
792 471 944 511 mirum
977 485 1066 512 esse
1100 471 1302 512 eiusmodi
1337 476 1497 511 certum
1531 470 1766 511 definitum-

146 563 227 605 que
273 549 485 602 ordinem,
532 552 658 604 poeta
697 552 867 599 monet,
917 553 962 588 ut
994 553 1115 589 antea
1153 550 1236 589 iam
1266 547 1444 602 fecit‘²³)‚
1491 549 1623 589 multa
1653 553 1767 589 certo

146 631 334 682 tempore
381 630 578 682 certoque
625 626 769 667 ordine
815 641 840 666 a
884 630 1035 667 natura
1067 627 1217 667 creari.
1279 626 1487 682 Epicurus
1518 627 1560 666 in
1593 626 1769 681 epistola

145 704 197 747 ad
258 704 507 760 Pythoclem
566 704 711 760 paucis
759 707 924 744 tantum
970 704 1111 744 verbis
1164 703 1280 745 hunc
1330 705 1467 745 locum
1517 704 1688 758 attingit
1710 702 1766 757 4):

145 783 334 831 κενώσεις
379 801 419 824 τε
460 781 642 832 σελήνης
683 785 746 824 καὶ
788 781 918 824 πάλιν
961 782 1282 837 συμπληρώσεις
1325 786 1387 825 καὶ
1435 783 1534 824 κατὰ
1580 784 1769 838 στροφὴν

143 865 217 903 τοῦ
249 861 441 914 σώματος
470 862 620 902 τούτου
652 858 832 902 δύναιντ’
865 860 916 902 ἂν
949 863 1139 916 ’γίνεσθαι
1162 860 1229 913 (ad
1278 860 1401 901 Lucr.
1434 860 1603 900 tertiam
1636 859 1769 915 expli-

145 938 352 979 cationem
382 937 486 978 haec
517 942 614 978 sunt
650 937 884 987 referenda)
918 941 979 980 καὶ
1004 939 1103 980 κατὰ
1126 940 1445 994 σχηματισμοὺς
1468 939 1590 993 ἀέρος
1613 940 1768 990 ὁμοίως

146 1016 272 1072 (quod
318 1016 442 1057 Luer.
484 1030 568 1057 non
613 1017 859 1069 memorat),
921 1016 974 1058 ἔτι
1016 1034 1056 1058 τε
1104 1019 1166 1058 καὶ
1219 1016 1303 1058 κατ’
1345 1018 1667 1070 ἐπιπροσθὴσεις
1707 1018 1768 1057 καὶ

145 1095 244 1136 κατὰ
295 1096 457 1142 πάντας
506 1095 720 1149 τρόπους,
769 1094 858 1135 καθ’
909 1093 983 1143 οὓς
1038 1097 1100 1135 καὶ
1152 1094 1201 1135 τὰ
1254 1094 1349 1149 παρ’
1403 1095 1499 1143 ἡμῖν
1546 1095 1769 1149 φαινόμενα

144 1170 365 1213 ἐκκαλεῖται
418 1173 475 1219 εἰς
505 1172 581 1219 τὰς
611 1172 761 1212 τούτου
793 1174 866 1211 τοῦ
900 1169 1035 1220 εἴδους
1070 1169 1327 1222 ἀποδόσεις,
1375 1171 1445 1212 ἐὰν
1491 1173 1545 1221 μή
1589 1189 1652 1218 τις
1696 1171 1772 1212 τὸν

144 1255 310 1304 μοναχῆ
360 1249 520 1304 τρόπον
576 1250 875 1304 κατηγαπηκὼς
933 1250 1032 1297 τοὺς
1096 1248 1260 1299 ἄλλους
1310 1249 1367 1296 ὡς
1419 1250 1561 1299 κενοὺς
1619 1245 1772 1290 ἀποδο-

144 1325 318 1382 κιμάζῃ,
374 1326 423 1367 οὐ
474 1326 738 1381 τεθεωρηκὼς
788 1328 827 1366 τί
876 1323 1056 1367 δυνατὸν
1106 1325 1316 1380 ἀνθρώπῳ
1370 1327 1575 1379 ἓεωρῆσαι
1625 1328 1687 1366 καὶ
1735 1327 1774 1366 τί

145 1401 378 1453 ἀδύνατον,
429 1407 491 1445 καὶ
541 1401 604 1445 διὰ
650 1403 759 1444 τοῦτ’
799 1401 982 1445 ἀδύνατα
1018 1405 1188 1457 θεωρεῖν
1230 1404 1463 1455 ἐπιθυμῶν,
1517 1400 1608 1455 (hoc
1660 1401 1771 1442 idem

145 1479 268 1521 Lucr.
328 1479 551 1521 Chaldaeis
607 1478 761 1532 obicit,
827 1493 888 1519 vs.
943 1480 1021 1519 727
1077 1480 1208 1534 seqq.)
1255 1479 1310 1521 ἔτι
1362 1479 1396 1520 τ’
1435 1477 1638 1534 ἐνδέχεται
1697 1481 1773 1528 τὴν

147 1557 328 1607 σελήνην
383 1557 427 1606 ἐξ
474 1560 616 1609 ἑαυτῆς
673 1558 781 1614 ἔχειν
831 1559 879 1599 τὸ
930 1560 1041 1613 φῶς,
1097 1556 1301 1614 ἐνδέχεται
1348 1556 1388 1600 δὲ
1451 1561 1514 1599 καὶ
1564 1558 1648 1600 ἀπὸ
1698 1561 1771 1599 τοῦ

150 1635 289 1684 ἡλίου.

209 1713 342 1766 „Solis
388 1713 490 1754 item
531 1726 696 1769 quoque
729 1712 915 1753 defectus
946 1713 1154 1768 lunaeque
1186 1712 1370 1753 latebras
1402 1712 1592 1768 pluribus
1624 1726 1646 1753 e
1678 1726 1773 1753 cau-

146 1791 202 1832 sis
232 1791 322 1832 fieri
353 1792 431 1832 tibi
462 1805 582 1847 posse
613 1791 910 1847 putandumst3
944 1805 1041 1832 nam
1073 1805 1146 1831 cur
1176 1791 1276 1832 luna
1309 1796 1434 1846 queat
1459 1794 1617 1831 terram
1641 1790 1773 1832 seclu-

147 1868 246 1911 dere
277 1870 375 1911 solis
415 1869 575 1911 lumine
609 1894 690 1923 —,
722 1869 908 1911 obiciens
939 1883 1110 1910 caecum
1156 1868 1284 1909 radiis
1321 1868 1566 1909 ardentibus
1598 1868 1771 1910 orbem:

147 1951 335 2003 tempore
386 1947 534 1989 eodem
581 1948 686 1989 aliut
733 1972 786 1977 —
833 1961 1004 2003 corpus,
1057 1946 1167 2003 quod
1216 1961 1379 1988 cassum
1410 1946 1576 1988 labatur
1615 1947 1773 1988 lumine

148 2039 340 2081 semper,
376 2025 514 2067 facere
556 2025 600 2066 id
640 2039 722 2066 non
775 2039 895 2081 posse
949 2025 1184 2081 putetur’'?
1209 2026 1254 2074 ⁵).
1317 2024 1483 2065 Harum
1529 2025 1643 2080 prior
1687 2025 1774 2079 opi-

149 2103 322 2144 nionum
369 2103 561 2145 Platonis
623 2108 687 2144 est
739 2107 781 2144 et
831 2103 1072 2144 Aristotelis
1123 2108 1165 2143 et
1213 2103 1476 2155 Stoicorum,
1522 2107 1627 2144 teste
1680 2103 1774 2143 Plu-

150 2181 293 2222 tarcho
326 2183 382 2235 ὓ),
440 2181 544 2222 haec
601 2182 731 2222 verba
784 2182 992 2222 referente
1055 2181 1105 2221 de
1164 2181 1287 2221 lunae
1355 2181 1613 2233 „latebris'’:
1675 2181 1774 2233 „frig

151 2257 191 2302 δὲ
244 2260 441 2315 ἐκλείψεις
492 2259 637 2302 dieunt
696 2260 840 2301 lunam
891 2260 1055 2301 efficere
1107 2262 1164 2311 εἷς
1218 2261 1264 2301 τὸ
1321 2262 1499 2312 σκίασμα
1559 2266 1631 2308 τῆς
1696 2266 1774 2314 γῆς

149 2339 454 2390 ἐμπίπτουσαν,
508 2337 659 2389 μεταξὺ
713 2342 786 2390 μὲν
848 2339 1091 2393 ἀμφοτέρων
1146 2340 1229 2378 τῶν
1288 2336 1474 2390 ἀστέρων
1526 2339 1771 2392 γινομένης,

149 2414 320 2468 μᾶλλον
369 2413 409 2457 δὲ
456 2419 506 2472 τῇ
553 2415 709 2472 σελήνῃ
756 2415 1160 2471 ἀντιφραττομένης,
1193 2414 1235 2455 id
1267 2419 1359 2467 est,
1393 2429 1488 2455 cum
1519 2415 1561 2455 in
1583 2414 1774 2456 umbram

196 2608 218 2646 ¹>
267 2607 324 2639 Vs.
351 2609 509 2641 720—30.

194 2670 219 2710 2)
266 2670 321 2702 Vs.
348 2672 505 2704 730—50.
554 2671 641 2702 Plut.
674 2670 757 2711 plac.
784 2671 843 2709 ΙΙ,
881 2681 949 2711 cap.
976 2673 1033 2702 28:
1069 2670 1288 2712 Ἡράκλειτος
1312 2673 1349 2704 τὸ
1373 2671 1459 2704 αὐτὸ
1484 2671 1690 2703 πεπονθέναι
1715 2674 1774 2704 τὸν

154 2733 270 2772 ἥλιον,
296 2733 352 2764 καὶ
377 2734 440 2771 τήν
464 2735 626 2772 σελὴνην.

193 2796 218 2832 ³)
263 2795 319 2827 Vs.
346 2796 527 2829 669—679.

194 2857 218 2895 4)
265 2858 396 2899 Paragr.
422 2860 470 2889 94.
518 2857 660 2890 Uberius
682 2858 717 2890 in
740 2858 865 2899 perdito
887 2858 970 2890 libro
993 2858 1066 2890 XII
1091 2859 1166 2899 περὶ
1189 2858 1325 2900 φύσεως.
1373 2858 1423 2890 Cf.
1449 2860 1499 2890 96.

195 2920 220 2959 ⁵)
266 2920 321 2952 Vs.
349 2922 509 2955 751—57.

195 2983 221 3025 ⁰)
270 2983 356 3015 Plac.
383 2983 442 3022 11,
468 2985 519 3016 29.
