1894 3235
865 117 945 157 102

101 250 230 291 verba
246 251 455 305 magistri,
474 251 570 303 etsi,
589 264 683 291 cum
701 263 850 304 graves
867 263 934 291 res
950 250 1161 291 interdum
1180 251 1389 304 omiserit,
1408 265 1502 292 cum
1518 252 1719 307 magistro

101 342 185 369 non
208 342 372 384 semper
389 328 624 370 consentire
641 327 820 368 videtur.
856 327 984 369 Suam
1006 329 1118 369 viam
1136 344 1350 385 nunquam
1370 329 1463 370 iniit
1481 362 1490 381 ‚
1524 330 1604 370 nisi
1621 344 1720 385 qua-

102 410 224 446 tenus
241 409 461 461 poetarum
477 404 600 445 modo
620 403 850 445 doctrinam
869 406 1077 460 exposuit.
1100 405 1193 447 Hoc
1211 406 1321 447 idem
1342 420 1364 447 e
1381 405 1463 447 fine
1480 405 1604 447 huius
1625 406 1720 447 libri

101 484 218 539 sequi
250 483 428 524 videtur.
471 483 662 524 Primum
699 481 750 523 de
781 496 925 523 somno
956 483 1064 537 agit,
1098 483 1247 526 deinde
1281 484 1331 525 de
1364 485 1523 526 semine
1556 488 1598 525 et
1629 484 1720 525 aliis

101 562 227 603 rebus
258 561 311 602 ad
342 574 540 602 venerem
570 560 893 616 pertinentibus.
955 561 1023 602 Ex
1055 562 1105 603 D.
1131 563 1179 603 L.
1212 563 1266 604 X.
1292 564 1343 604 66
1367 564 1508 604 autem
1530 562 1721 603 videmus

101 639 332 695 Epicurum
394 638 574 679 eundem
631 637 820 679 ordinem
881 643 1072 679 secutum
1124 652 1226 680 esse.
1303 639 1542 694 Explicatio
1588 639 1721 680 somni

102 717 249 758 eadem
295 721 357 757 est
402 720 528 772 atque
571 715 683 771 apud
723 720 903 771 poetam.
966 716 1194 758 Praeterea
1241 717 1454 771 Diogenes
1501 717 1551 758 de
1596 717 1722 758 rebus

100 794 293 836 venereis
323 793 428 834 haec
450 797 614 834 tantum
635 793 784 834 refert:
817 795 866 834 τό
897 813 937 835 τε
970 797 1126 849 σπέρμα
1159 795 1228 849 ἀφ’
1261 797 1375 837 ὅλων
1405 798 1489 837 τῶν
1521 794 1722 847 σωμάτων

102 875 320 928 φέρεσθαι,
353 872 602 928 quibuscum
634 871 822 913 conferas
855 871 931 912 IV.
968 873 1072 913 1041
1108 885 1220 928 seqq.
1269 873 1454 913 Aliunde
1486 860 1626 913 tamen
1659 876 1722 913 est

101 951 371 1006 perspicuum
415 949 523 991 hanc
554 950 743 991 Lucretii
777 949 1010 991 doctrinam
1042 964 1096 991 ex
1128 950 1328 1006 Epicuri,
1378 951 1447 1006 qui
1490 950 1721 992 Democriti

100 1027 281 1082 vestigia
327 1027 553 1082 presserit,
601 1027 766 1082 scriptis
811 1031 1021 1082 sumptam
1069 1040 1172 1068 esse.
1235 1027 1296 1069 Cf.
1329 1028 1441 1068 enim
1471 1027 1548 1069 IV.
1585 1029 1720 1068 1229:

105 1119 296 1161 „semper
336 1105 448 1146 enim
480 1110 625 1160 partus
658 1105 813 1160 duplici
847 1104 897 1146 de
931 1105 1089 1146 semine
1123 1106 1313 1146 constat''
1346 1119 1440 1146 cum
1471 1105 1584 1146 Plut.
1616 1105 1722 1161 plac.

101 1183 155 1225 V.
188 1198 277 1239 cap.
321 1185 375 1224 5:
428 1185 743 1239 ῃῖῘυθαγόρας,
789 1183 1071 1237 Ἐπίκουρος,
1125 1185 1384 1238 Δημόκριτος
1436 1186 1498 1225 καὶ
1536 1201 1583 1225 το
1614 1183 1724 1232 θῆλυ

101 1259 324 1316 προΐεσθαι
357 1260 557 1316 σπέρμα.”
609 1260 684 1302 Vs.
721 1261 856 1301 1230:
895 1264 1044 1316 „atque
1075 1261 1158 1301 utri
1190 1261 1365 1302 similest
1395 1261 1529 1316 magis
1550 1260 1594 1302 id
1613 1260 1724 1317 quod

101 1352 280 1395 cumque
311 1342 504 1392 creatur,
538 1339 628 1380 eius
658 1338 786 1379 habet
818 1338 912 1394 plus
943 1342 1061 1393 parte
1093 1352 1254 1394 aequa,
1287 1339 1398 1394 quod
1429 1353 1600 1380 cernere
1631 1353 1724 1395 pos-

101 1417 182 1470 sis⁷
229 1417 316 1458 sive
358 1416 496 1457 virum
537 1416 704 1457 suboles
747 1417 875 1457 sivest
915 1416 1134 1457 muliebris
1165 1416 1325 1471 origo.”
1385 1417 1498 1458 Plut.
1530 1417 1636 1472 plac.
1669 1416 1723 1457 V.

103 1495 154 1534 7:
201 1495 492 1549 ᾖΔημόκριϊος·
538 1493 587 1535 ra*
628 1496 702 1546 μὲν
745 1493 859 1535 κοιυά
902 1495 1000 1549 μέρη
1047 1492 1088 1541 ἐξ
1122 1497 1325 1549 ὁποτέρου
1357 1493 1408 1536 ἂν
1438 1496 1548 1550 τύχῃ
1570 1527 1580 1547 ,
1611 1493 1660 1536 τᾶ
1691 1492 1730 1537 δ’

102 1571 314 1621 ἰδιάζοντα
376 1575 439 1614 καὶ
499 1571 584 1614 κατ’
638 1569 933 1626 ἐπικράτειαυ”.
1010 1570 1151 1612 Huius
1200 1571 1349 1627 capitis
1396 1571 1612 1627 inscriptio
1663 1575 1727 1613 est

101 1649 233 1691 haec:
279 1653 395 1702 7,πῶς
436 1648 592 1705 ἅῤῥενα
623 1651 809 1705 γίνεται,
859 1652 921 1691 καὶ
955 1649 1129 1697 ἓήλεα”.
1191 1649 1265 1690 VS.
1303 1651 1437 1690 1278:
1474 1649 1590 1702 „Neo
1622 1649 1725 1691 divi-

101 1729 214 1770 nitus
245 1728 357 1769 inter
389 1727 487 1768 dum
518 1727 785 1782 Venerisque
816 1727 980 1782 sagittis
1013 1727 1220 1768 deteriore
1251 1727 1298 1767 fit
1327 1732 1374 1768 ut
1405 1727 1537 1768 forma
1557 1727 1725 1768 mulier-

101 1807 196 1848 cula
227 1805 432 1847 ametur''.
493 1805 546 1846 D.
568 1805 617 1846 L.
650 1803 702 1846 X.
739 1807 843 1846 118:
880 1804 999 1858 »οὐδὲ
1031 1807 1295 1860 ,θεόπεμπτον
1328 1807 1429 1849 εἶναι
1460 1807 1534 1848 τὸν
1565 1806 1693 1861 ἔρωτα
1713 1839 1724 1857 ,

103 1885 160 1933 ὡς
208 1886 414 1939 Διογένης
459 1885 502 1925 ἐν
547 1886 604 1939 τῴ
651 1881 860 1938 δωδεκάτῳ
908 1883 1062 1938 φησίυ”
1088 1884 1130 1936 ¹).
1192 1883 1390 1924 Ceterum
1432 1887 1582 1939 poetae
1629 1887 1726 1925 sunt

101 1960 229 2015 haec,
266 1961 337 2017 qui
370 1975 464 2002 cum
497 1960 644 2002 ardore
676 1960 856 2016 quodam
888 1959 1127 2016 philosophi
1160 1960 1414 2014 doctrinam,
1446 1961 1490 2001 in
1521 1960 1725 2002 eiusmodi

101 2039 227 2080 rebus
251 2052 440 2095 quoque,
478 2039 601 2094 quale
624 2043 686 2079 est
707 2037 810 2092 hoc,
847 2038 952 2079 nihil
974 2053 1064 2080 esse
1086 2043 1253 2094 praeter
1273 2053 1454 2080 vacuum
1474 2044 1636 2081 atomos
1659 2053 1725 2081 ea-

100 2131 278 2173 rumque
323 2121 490 2170 motus,
539 2116 767 2170 defendat,
807 2116 1004 2157 defendat
1051 2121 1192 2158 tamen
1233 2117 1317 2170 ita,
1364 2122 1410 2157 ut
1441 2116 1724 2172 pulcritudine

101 2196 300 2237 orationis
330 2196 511 2250 legentis
543 2195 757 2236 fastidium
790 2199 972 2250 superet.
1014 2195 1127 2236 Num
1160 2195 1286 2235 etiam
1319 2200 1491 2250 poetae,
1533 2195 1604 2250 qui
1635 2195 1725 2250 ipse

100 2274 303 2316 amatorio
335 2273 484 2329 poculo
516 2274 559 2314 in
589 2273 772 2314 furorem
803 2286 976 2326 versus,
1009 2286 1084 2328 per
1114 2272 1338 2313 intervalla
1358 2273 1544 2313 insaniae
1567 2272 1726 2328 aliquot

98 2352 227 2394 libros
274 2352 602 2407 conscripserit?
662 2351 843 2393 Difficile
885 2351 964 2392 erit
996 2365 1050 2392 ex
1080 2350 1195 2391 hisce
1225 2351 1415 2391 versibus
1447 2364 1593 2392 eruere
1624 2365 1726 2392 non-

100 2430 263 2483 nullos,
296 2429 367 2485 qui
398 2429 441 2470 id
473 2429 717 2470 confirmare
748 2428 932 2484 possint,
964 2442 1061 2469 nam
1094 2428 1143 2468 de
1181 2428 1266 2468 suis
1296 2428 1422 2468 rebus
1443 2427 1549 2468 nihil
1569 2428 1725 2469 immis-

101 2508 188 2549 cuit
219 2511 370 2563 poeta:
405 2511 500 2548 sunt
523 2507 663 2562 potius
680 2507 880 2562 sapientis
897 2506 1001 2559 viri,
1034 2507 1104 2562 qui
1121 2506 1311 2547 homines
1328 2510 1471 2547 monet
1498 2519 1550 2547 ne
1573 2506 1725 2547 amoris

100 2586 310 2627 illecebris
356 2586 602 2641 capiant-ur,
649 2590 723 2627 aut
760 2586 887 2627 etiam
935 2587 1046 2641 capti
1078 2600 1173 2627 cuin
1205 2590 1326 2639 sunt,
1359 2590 1405 2626 ut
1437 2585 1641 2640 effugiant
1662 2587 1722 2640 ²);

144 2857 169 2898 ¹)
221 2857 285 2889 Hic
311 2857 473 2898 Diogenes
497 2860 546 2889 est
569 2856 748 2898 discipulus
774 2857 910 2898 Epicuri
936 2857 993 2899 qui
1017 2858 1137 2899 scripta
1151 2858 1310 2890 nonnulla
1325 2858 1474 2900 magistri
1489 2858 1590 2890 edidit
1601 2859 1654 2891 vel
1666 2870 1722 2891 ex-

101 2920 236 2961 cerpsit:
261 2921 426 2961 superius:
451 2922 494 2958 ὡς
519 2921 676 2963 Διογένης
700 2921 735 2953 ἐν
759 2923 802 2963 τῇ
825 2921 966 2964 ἐπιτομῇ
991 2925 1058 2954 τῶν
1079 2923 1284 2964 Ἐπικούρου
1309 2923 1433 2962 ἠθικῶν
1457 2921 1641 2965 δογμάτων.

145 2983 172 3026 ²)
219 2983 274 3015 Vs.
303 2986 383 3014 1144
407 2994 496 3025 seqq.
