1894 3235
877 107 956 146 100

99 243 249 283 τούτου
284 242 529 296 Δημοκρίτῳ
562 240 873 292 συνεπόμενος,
905 242 1081 283 ἐνταῦθα
1115 239 1156 283 δὲ
1188 241 1410 296 προλιπὼν
1442 243 1516 284 τὸν
1547 241 1723 297 λόγον),

100 318 213 362 ἀλλά
254 322 316 360 καὶ
359 322 442 360 τῶν
475 317 573 360 κατά
604 319 749 373 ψυχὴν
782 319 1014 370 κινημάτων
1045 322 1107 360 καὶ
1139 318 1444 374 βουλευμάτων
1475 321 1629 375 ἑκάστῳ
1660 324 1722 362 καὶ

100 400 218 447 ἠθῶν
250 400 311 439 καὶ
345 400 493 439 παθῶν
526 397 719 450 ἐμφάσεις
753 395 1115 451 ἀναλαμβάνοντα
1148 398 1470 453 συνεφέλκεσὲἴαι
1503 402 1563 439 καὶ
1598 416 1726 452 προσ-

100 478 304 518 πίπτοντα
358 474 455 528 μετὰ
503 476 663 516 τούτων
710 475 846 528 ὥσπερ
895 474 1088 529 ἔμψυχα,
1147 476 1316 530 φράζειν
1359 479 1419 517 καὶ
1469 474 1725 518 διαστέλλειν

99 560 189 602 τοῖς
223 551 546 608 ὑποδεχομένοις
579 551 653 600 τοῖς
685 555 768 593 τῶν
799 554 1023 604 μεθιέντων
1055 552 1156 594 αὐτὰ
1189 552 1317 602 δόξας
1339 557 1399 595 καῖ
1424 552 1726 609 διαλογισμοὺς

102 635 163 674 καὶ
198 630 359 686 ὁρμιὶς,
409 632 510 671 ὅταν
548 631 784 684 ἐνάρθρους
817 632 878 670 καὶ
914 629 1186 685 ἀσυγχύτους
1220 630 1482 684 φυλάττοντα
1515 629 1726 686 προσμίξῃ

101 708 174 757 τάς
207 709 382 759 εἰκόνας.

159 787 227 827 Ex
269 799 413 826 eorum
454 788 620 837 mente,
662 784 733 839 qui
779 788 938 825 atomos
987 789 1029 825 et
1075 799 1254 826 vacuum
1287 786 1373 826 sola
1405 786 1548 827 dicunt
1578 800 1727 827 revera

101 879 218 917 9339,
264 864 371 904 nihil
414 877 512 904 sane
561 863 821 903 constantius
869 862 949 903 11191
997 868 1161 918 potest,
1219 878 1311 905 cum
1364 864 1413 904 de
1470 865 1603 905 libera
1654 879 1723 903 vo-

100 943 263 983 luntate
315 942 358 982 in
409 941 613 982 eiusmodi
678 940 867 981 doctrina
928 954 980 981 119
1028 955 1162 981 sermo
1210 941 1378 996 quidem
1440 955 1530 982 esse
1582 943 1724 997 possit.

103 1020 209 1062 Cum
254 1020 418 1061 animus
460 1019 513 1059 sit
559 1019 736 1060 materia
783 1019 872 1059 91113
903 1022 1041 1059 11101113
1073 1024 1169 1059 sunt
1201 1024 1338 1059 motus
1369 1021 1570 1061 materiae
1603 1025 1644 1061 et
1675 1020 1726 1061 ad

102 1102 239 1139 motus
277 1102 512 1138 atomorum
544 1096 784 1149 referendi,
827 1097 860 1136 si
893 1111 1059 1137 eausam
1093 1097 1344 1152 quaerimus.
1406 1097 1530 1138 Hanc
1576 1098 1725 1138 seriem

100 1177 368 1218 Democritus
411 1176 621 1231 Epicurus
666 1175 890 1216 Lueretius
942 1180 1133 1215 statuunt
1165 1190 1281 1216 esse:
1323 1180 1558 1217 atomorum
1589 1181 1727 1217 motus

100 1259 163 1296 est
209 1269 334 1296 causa
374 1258 513 1295 motus
556 1253 811 1307 imaginum,
860 1253 1066 1306 imagines
1114 1267 1158 1293 39
1191 1258 1408 1294 moventes
1441 1254 1608 1308 pulsant
1639 1254 1726 1295 ani-

101 1346 242 1385 mum,
291 1332 455 1372 animus
501 1344 650 1385 corpus
691 1330 889 1385 propellit
943 1343 1020 1385 ope
1075 1330 1252 1371 animae.
1330 1331 1552 1371 Lucretius
1598 1331 1728 1385 igitur

102 1410 181 1450 sibi
213 1423 295 1450 11011
327 1413 516 1450 constare
548 1408 729 1449 videtur.
775 1408 893 1456 Quae
925 1408 1031 1448 libro
1064 1408 1246 1448 3991111110
1280 1410 1355 1462 (vs.
1390 1410 1470 1449 277
1505 1410 1633 1464 seqq.)
1666 1409 1725 1449 di-

102 1487 186 1528 cit:
225 1470 391 1540 „iamne
420 1487 538 1527 vides
570 1486 725 1541 igitur,
759 1500 1012 1542 quamquam
1043 1487 1106 1527 vis
1138 1487 1298 1527 extima
1328 1486 1482 1527 multos
1504 1487 1651 1541 pellit,
1685 1490 1727 1528 et

102 1564 256 1605 invitos
303 1568 425 1619 cogat
469 1563 696 1619 procedere
744 1577 869 1618 saepe
915 1563 1251 1619 praecipitesque
1295 1564 1413 1618 rapi,
1461 1568 1604 1604 tamen
1636 1577 1726 1605 esse

102 1643 146 1684 in
190 1648 360 1698 pectore
407 1646 548 1683 nostro
596 1642 818 1697 quiddam,
881 1641 991 1697 quod
1039 1647 1182 1682 contra
1237 1655 1426 1697 pugnare
1478 1642 1727 1698 obstareque

102 1721 265 1777 possit?
297 1721 415 1762 cuius
448 1721 499 1762 ad
531 1721 751 1761 arbitrium
784 1734 949 1776 quoque
972 1720 1092 1775 eopia
1115 1720 1306 1761 materiai
1331 1720 1494 1774 cogitur
1515 1720 1727 1761 interdum

102 1799 214 1839 flecti
257 1812 332 1853 per
368 1799 578 1851 membra,
626 1812 702 1853 per
748 1803 890 1851 artus,
939 1802 980 1838 et
1012 1798 1198 1852 proiecta
1230 1798 1487 1850 refrenatur,
1529 1802 1726 1854 retroque

102 1877 275 1918 residit’'
310 1901 362 1905 —
395 1890 484 1917 rem
516 1876 647 1917 nihilo
680 1876 898 1917 clariorem
930 1876 1123 1916 reddunt.
1185 1875 1253 1916 Ex
1285 1890 1369 1916 una
1400 1879 1519 1931 parte
1550 1876 1727 1917 liberam

103 1955 366 1996 voluntatem
415 1954 640 1995 defendere
688 1954 807 2007 vult,
853 1968 906 1994 ex
949 1954 1082 1994 altera
1128 1958 1268 1994 tamen
1315 1967 1408 1994 eam
1439 1968 1521 1994 11011
1552 1954 1727 1994 liberam

104 2046 195 2074 esse
242 2032 363 2074 fateri
409 2032 599 2086 cogitur,
649 2046 745 2073 nam
790 2032 822 2073 si
867 2032 1084 2073 ambulare
1126 2032 1248 2084 volo,
1292 2032 1514 2072 simulacra
1560 2031 1727 2072 meandi

103 2111 285 2166 primum
331 2111 521 2152 accidere
564 2110 742 2151 debent:
791 2124 890 2165 ergo
934 2111 967 2151 31
1003 2114 1174 2162 „contra
1204 2124 1414 2165 pugnare,
1448 2110 1726 2166 obstareque'’

104 2190 199 2230 volo
232 2190 273 2231 vi
305 2190 512 2243 extimae,
546 2203 653 2245 quae
685 2203 752 2229 me
784 2189 1012 2244 propellit,
1045 2189 1227 2243 primum
1261 2189 1484 2229 simulacra
1505 2188 1729 2230 resistendi

104 2267 148 2308 in
189 2267 377 2308 animum
423 2280 564 2308 mcum
610 2270 833 2322 penetrare
872 2265 1053 2319 debent,
1102 2279 1209 2321 quae
1241 2267 1502 2307 voluntatem
1535 2265 1728 2308 obstandi

105 2345 307 2387 excitent.

163 2423 199 2464 E
230 2423 320 2464 1090
353 2437 478 2478 supra
508 2422 677 2464 laudato
709 2426 884 2478 apparet
916 2422 1147 2477 Epicurum
1179 2437 1263 2463 non
1294 2422 1418 2477 plane
1450 2436 1544 2463 eum
1574 2422 1728 2463 Demo-

107 2501 209 2542 crito
241 2501 500 2554 consentire,
535 2515 628 2542 cum
662 2515 743 2541 11011
776 2514 919 2541 01111193
951 2500 1079 2541 animi
1110 2505 1248 2540 motus
1282 2499 1428 2540 eodem
1457 2499 1579 2540 modo
1601 2504 1728 2555 atque

105 2592 304 2619 sensuum
351 2579 642 2634 perceptiones
689 2578 904 2633 explicare
952 2578 1145 2619 voluerit.
1210 2578 1480 2619 Democritus
1522 2577 1728 2619 311319011-

107 2661 214 2699 stat:
257 2657 390 2698 libera
423 2657 616 2697 voluntas
648 2670 731 2696 11011
764 2660 854 2709 931,
898 2656 1038 2697 omnia
1069 2656 1320 2697 necessitate
1352 2656 1486 2709 fiunt,
1530 2669 1627 2696 nam
1660 2656 1728 2697 οὐ·

108 2739 202 2778 σίαν
235 2735 421 2790 ἀνάγκης
453 2734 560 2774 (lixit
591 2736 666 2783 τὴν
698 2736 965 2776 ἀντιτυπίαν.
999 2737 1061 2775 καὶ
1094 2735 1169 2782 τὴν
1202 2732 1336 2788 φοράν
1368 2752 1429 2775 και
1461 2735 1536 2782 τὴν
1558 2733 1728 2787 πληγὴν

107 2821 180 2862 τῆς
222 2814 326 2862 ὕλης
355 2812 389 2866 ¹).
452 2812 660 2867 Epicurus
702 2816 842 2852 tamen
874 2815 1155 2865 congruenter
1187 2825 1281 2852 eum
1314 2811 1442 2852 totius
1473 2811 1563 2851 eius
1593 2809 1728 2866 philo-

152 2997 176 3038 1)
223 2997 310 3028 Ρ1111.
335 2996 417 3036 plac.
444 2996 483 3034 Ι,
511 2998 560 3027 26.
