1894 3235
884 149 936 188 93

141 282 260 324 Haec
320 282 372 323 ad
416 281 600 322 litteram
642 280 729 322 fere
777 295 831 322 ex
872 281 1055 336 Epicuro
1102 280 1375 335 transscripta
1420 293 1509 321 esse
1553 293 1575 320 e
1607 279 1692 321 Cic.

86 359 136 400 de
195 360 289 400 Fin.
346 360 379 400 Ι.
430 361 509 412 19,
564 360 616 399 64
666 362 868 413 apparet:
936 373 1063 413 „quos
1114 359 1289 412 (sensus)
1337 357 1406 412 qui
1453 357 1604 397 tollunt
1654 359 1696 397 et

85 437 190 478 nihil
238 437 397 492 percipi
446 449 565 492 posse
616 435 787 489 dicunt,
844 435 874 475 ii
925 436 1094 476 remotis
1145 435 1333 477 sensibus
1377 448 1430 476 ne
1471 434 1514 474 id
1559 434 1696 489 ipsum

85 515 253 570 quidem
304 514 504 570 expedire
555 517 754 568 possunt,
802 513 911 568 quod
963 513 1184 554 disserunt,
1261 513 1488 554 Praeterea
1533 511 1698 552 sublata

86 592 323 646 cognitione
381 596 424 632 et
473 592 647 633 scientia
694 591 855 631 tollitur
892 591 1026 632 omnis
1071 592 1178 632 ratio
1228 595 1270 631 et
1318 590 1430 632 vitae
1481 589 1696 644 degendae

87 672 129 709 et
185 682 323 709 rerum
384 667 709 723 gerendaruin”;
754 672 878 723 atque
916 682 970 708 ex
1006 668 1096 723 ipso
1133 667 1314 722 Epicuro
1337 666 1383 720 ¹):
1430 669 1543 709 πᾶσα
1592 665 1696 721 γάρ,

87 748 240 802 φησίν,
303 746 495 798 α’ίσὲησις
557 746 721 801 ἄλογός
771 748 851 787 ἐστι
913 750 973 788 καὶ
1036 749 1197 799 μνήμης
1259 743 1448 797 οὐδεμιᾶς
1508 743 1696 793 δεκτική·

87 825 179 868 οὔτε
241 822 321 880 γᾶρ
383 824 450 879 ὑφ’
507 824 630 873 αὐτῆς
690 822 782 865 οὗθ’
846 823 915 878 ὑφ’
977 825 1112 877 ἑτέρου
1174 825 1382 871 κινηθεῖσα
1444 820 1614 864 δύναταί
1661 841 1697 864 τι

87 906 332 958 προσθεῖναι
374 902 397 950 ἢ
445 901 639 956 α’φελεῖν,
689 899 775 943 οὐδ’
823 901 905 942 ’ἐστι
947 901 993 942 τὸ
1042 899 1270 953 δυνάμενον
1309 898 1434 951 αὐτοῖς
1466 897 1696 955 διελέγξαι·

88 979 179 1022 οὔτε
224 979 304 1035 γάρ
347 981 371 1028 ἡ
414 980 660 1033 ὁμοιογενὴς
707 980 781 1027 τὴν
828 981 1046 1033 ὁμοιογενῆ
1080 976 1143 1020 δια
1174 979 1248 1026 τὴν
1281 980 1561 1019 ἰσοσθένειαν·
1609 976 1699 1018 οὔθ’

88 1059 113 1106 ἡ
145 1058 447 1112 α’νομοιογενὴς
478 1058 553 1105 τὴν
584 1056 857 1111 ιῖνομοιογενῆ
878 1087 886 1102 ,
920 1055 968 1096 οὐ
1000 1053 1080 1110 γάρ
1113 1057 1195 1095 τῶν
1227 1055 1363 1096 αὐτῶν
1396 1057 1469 1096 εἶσὶ
1503 1057 1697 1110 κριτικαί·

90 1134 185 1176 οὔθ’
219 1137 242 1183 ἡ
276 1136 384 1188 ἑτέρα
419 1135 494 1182 τὴν
526 1135 688 1188 ἑτέραν,
722 1134 874 1182 πάσαις
896 1131 976 1187 γιῖρ
997 1134 1286 1187 προσέχομεν·
1320 1130 1410 1172 οὔτε
1431 1133 1511 1180 μὴν
1533 1131 1698 1186 λόγος,

88 1215 172 1260 πᾶς
217 1210 298 1267 γαρ
341 1210 476 1265 λόγος
520 1211 601 1252 α’πὸ
634 1214 716 1251 τῶν
749 1211 980 1257 αἰσθήσεων
1012 1209 1191 1263 ἤρτηται.
1250 1208 1389 1248 Homo
1420 1208 1550 1262 igitur
1581 1209 1699 1249 crite-

90 1289 162 1329 riis
193 1288 445 1344 quibusdam
478 1287 736 1341 distinguere
768 1290 906 1341 potest
936 1299 1055 1325 veras
1086 1299 1109 1325 a
1136 1285 1249 1325 falsis
1271 1285 1545 1340 opinionibus.
1578 1285 1698 1326 Haec

90 1370 232 1408 autem
265 1366 344 1406 tria
376 1369 494 1406 sunt:
538 1365 854 1420 perceptiones,
896 1363 1214 1418 praenotiones,
1246 1363 1420 1403 affectus
1441 1363 1487 1416 2).
1547 1363 1701 1417 Dioge-

89 1457 163 1484 nes
224 1443 418 1484 Laertius
480 1442 579 1482 dicit
641 1442 892 1496 EpicureOS,
956 1454 1038 1480 non
1090 1454 1188 1480 vero
1235 1440 1372 1494 ipsum
1431 1440 1699 1494 magistrum,

90 1521 142 1563 ad
172 1521 275 1562 haec
307 1522 387 1562 tria
417 1520 583 1561 criteria
614 1519 821 1560 addidisse
853 1523 1046 1573 quartum
1083 1518 1155 1567 τάς
1189 1520 1461 1573 φανταστικὰς
1497 1517 1703 1574 ἐπιβολάς

90 1607 162 1648 τῆς
209 1597 416 1647 διανοίας,
464 1598 536 1638 Sed
577 1602 718 1638 tamen
759 1597 937 1648 fallitur,
986 1610 1081 1636 nain
1113 1596 1202 1650 ipse
1235 1596 1442 1650 Epicurus
1474 1596 1551 1636 hoc
1584 1611 1703 1651 quar-

91 1680 180 1716 tum
226 1676 413 1716 nominat
458 1676 509 1716 D.
543 1675 591 1716 L.
624 1675 678 1715 X.
731 1676 807 1715 147
854 1683 895 1715 et
937 1676 1013 1726 51,
1061 1688 1188 1729 quare
1219 1674 1393 1714 fortasse
1425 1674 1542 1714 uncis
1575 1674 1703 1715 inclu-

95 1753 230 1794 denda
281 1758 376 1794 sunt
426 1753 498 1794 illa
542 1753 684 1793 verba.
746 1752 828 1793 Sed
874 1752 1040 1792 difficile
1088 1756 1149 1792 est
1195 1752 1335 1804 dictu,
1388 1752 1487 1807 quid
1534 1752 1586 1792 sit
1633 1752 1705 1793 issa

94 1832 344 1886 φανταστικὴ
377 1833 400 1878 ἡ
422 1829 629 1885 ἐπιβολή,
679 1843 783 1884 quae
829 1830 938 1869 inter
984 1829 1150 1869 criteria
1194 1829 1455 1881 nominatur,
1487 1843 1583 1869 nam
1615 1843 1704 1884 cap.

93 1909 147 1949 50
192 1907 372 1961 legimus
415 1914 475 1949 καὶ
524 1906 574 1955 ἣν
623 1906 672 1948 ἂν
719 1905 918 1962 λάβωμεν
965 1909 1194 1961 φαντασίαν
1232 1904 1511 1961 ἐπιβλητικῶς
1543 1910 1591 1962 τῇ
1623 1905 1705 1948 δια-

94 1989 187 2040 νοίᾳ
230 1985 253 2033 ἣ
298 1991 386 2033 τοῖς
433 1986 715 2038 αἰσθητηρίοις
761 1983 833 2024 ε’ίτε
863 1990 1025 2038 μορφῆς
1057 1983 1130 2025 ε’ίτε
1163 1981 1518 2038 συμβεβηκότων,
1565 1986 1703 2039 μορφή

95 2064 203 2104 ἐστιν
263 2063 362 2111 αὕτη
421 2067 494 2104 τοῦ
551 2064 813 2116 στερεμνίου,
880 2063 1075 2116 γινομένη
1136 2060 1233 2102 κατιὶ
1283 2061 1330 2101 τὸ
1393 2059 1487 2109 ἑξῆς
1546 2063 1706 2102 πύκνω-

94 2159 149 2194 μα
195 2140 215 2188 ἢ
261 2140 555 2195 ἐγκατάλειμμα
592 2143 664 2181 τοῦ
698 2137 891 2191 εἰδώλου,
925 2158 958 2180 κ.
991 2158 1025 2179 τ.
1059 2156 1086 2179 ε.
1148 2137 1216 2178 EX
1246 2136 1361 2177 hisce
1393 2137 1532 2178 verbis
1562 2137 1708 2178 Viden-

95 2221 164 2258 tur
194 2217 338 2259 affines
369 2231 458 2259 esse
491 2217 721 2258 simulaciis
754 2217 841 2257 sive
872 2215 1138 2270 imaginibus.
1199 2215 1262 2256 Eo
1294 2215 1344 2255 ab
1376 2214 1441 2255 his
1468 2215 1707 2271 discrepant

97 2294 207 2350 quod
236 2295 389 2350 partim
420 2295 558 2335 animo
591 2295 658 2350 (τῇ
690 2292 864 2349 διανοίᾳ)
896 2293 1049 2348 partim
1081 2306 1179 2333 vero
1213 2292 1402 2333 sensibus
1423 2293 1709 2348 accipiuntur,

98 2386 193 2413 cum
240 2372 461 2413 simulacra
503 2371 582 2413 hoc
628 2371 759 2412 altero
807 2371 893 2412 solo
923 2371 1047 2412 modo
1078 2370 1130 2411 ad
1160 2384 1235 2410 nos
1265 2370 1525 2425 perveniant.
1585 2371 1712 2413 Prae-

98 2453 215 2491 terea
245 2464 339 2490 cum
371 2450 592 2490 simulacra
622 2463 765 2490 rerum
795 2452 960 2490 tantum
991 2448 1073 2489 sint
1103 2448 1329 2502 imagineS,
1361 2447 1440 2489 hae
1472 2448 1600 2489 etiam
1628 2452 1713 2491 τῶν

100 2525 434 2583 συμβεβηκότων
464 2526 621 2568 formae
652 2527 933 2568 nominantur.
986 2525 1107 2575 Quod
1137 2539 1258 2581 porro
1290 2524 1499 2581 ἐπιβολήν
1530 2511 1713 2579 formam

145 2763 170 2804 1)
216 2763 258 2795 D.
283 2763 321 2794 L.
347 2761 389 2793 X.
415 2764 465 2793 31.

145 2827 171 2868 ²)
216 2826 239 2858 1.
263 2826 285 2857 l.
309 2827 344 2858 ἐν
368 2827 483 2858 τοίνυν
516 2827 563 2867 τῷ
599 2828 723 2858 Κανόνι
754 2827 860 2867 λέγων
889 2825 979 2856 ἐστὶν
1009 2826 1024 2857 ὸ
1047 2824 1246 2865 Ἐπίκουρος
1277 2822 1427 2864 κριτήρια
1460 2824 1520 2860 τῆς
1555 2821 1715 2861 ἀληθείας

104 2888 190 2921 εἶναι
215 2891 274 2926 τὰς
298 2888 469 2927 αι’σθὴσεις
493 2890 546 2919 καὶ
571 2887 756 2929 προλήψεις
779 2890 832 2920 καὶ
864 2889 904 2919 τὰ
926 2888 1023 2924 πάθη
1039 2911 1046 2925 ,
1070 2888 1099 2918 οὶ
1124 2886 1149 2917 δ’
1175 2886 1398 2926 Ἐπικούρειοι
1421 2886 1476 2916 καὶ
1503 2887 1562 2922 τὰς
1587 2892 1714 2927 φαντα-

105 2953 220 2988 στικὰς
242 2951 405 2992 ἐπιβολὰς
430 2953 489 2989 τῆς
511 2949 669 2987 διανοίας.
694 2951 733 2981 34
757 2951 852 2988 πάθη
877 2949 908 2982 δὲ
932 2951 1088 2991 λέγουσιν
1105 2949 1188 2980 εἶναι
1205 2947 1282 2987 δύο,
1309 2946 1433 2985 ἡδονὴν
1449 2951 1505 2978 καὶ
1523 2946 1715 2989 ἀλγηδόνα,

106 3015 265 3056 ἱστάμενα
289 3015 364 3056 περὶ
387 3017 458 3045 πᾶν
483 3015 579 3055 ζῷον.
