1894 3235
935 122 988 162 32

150 259 255 301 nihil
287 263 348 300 est
375 257 415 312 ¹).
477 258 521 299 2⁰
555 258 599 299 Si
631 257 723 313 quis
754 256 806 298 ad
837 256 1007 297 ultimos
1028 255 1132 296 fines
1153 255 1341 296 universi
1365 270 1640 311 progressus,
1672 255 1769 297 inde

151 337 315 379 hastam
347 339 579 392 torqueret,
613 338 685 375 aut
716 347 837 389 porro
870 347 919 374 ea
949 334 1130 386 volaret,
1162 337 1235 374 aut
1267 333 1348 374 alio
1382 347 1553 389 corpore
1570 334 1770 375 retinere-

151 420 244 457 tur:
278 415 423 470 utique
456 414 698 455 universum
730 425 778 452 eo
811 412 900 452 1000
932 426 1015 452 11011
1048 415 1157 452 esset
1188 411 1366 452 finitum.
1402 412 1443 451 3⁰
1490 411 1639 453 Sinon
1661 415 1771 453 esset

153 492 365 533 infinitum
384 491 587 546 spatium,
615 489 749 530 omnis
765 488 983 541 materies,
1012 489 1218 542 gravitate
1237 488 1455 544 depressa,
1483 489 1565 530 iam
1588 488 1772 530 (11110011-

155 570 346 611 fluxisset
392 568 445 609 ad
485 568 615 608 imum
649 567 808 619 locum,
856 565 928 607 ubi
960 579 1002 606 se
1034 566 1286 607 cumulasset
1316 566 1458 622 itaquo
1491 580 1656 608 omnem
1686 580 1773 608 1110-

155 651 267 700 111111,
315 660 439 702 quem
485 649 625 686 tamen
672 643 890 696 videmus,
939 643 1205 685 cohibuisset.
1239 669 1291 674 —-
1340 644 1400 685 At
1432 645 1465 685 si
1498 659 1677 686 vacuum
1709 648 1772 686 est

155 725 387 776 infinitum,
434 723 631 764 materies
679 735 843 777 quoque
892 722 963 774 (z
995 734 1134 761 rerum
1167 736 1330 763 summa
1363 734 1421 763 vs.
1460 724 1580 775 1008)
1612 722 1775 763 infinita

155 817 245 844 esse
278 802 427 843 debet:
477 801 534 842 sio
567 800 701 841 voluit
732 804 908 852 natura,
947 813 1077 854 „quae
1110 813 1259 854 corpus
1290 800 1403 840 inani
1436 806 1477 841 ct
1509 800 1619 856 quod
1649 800 1774 841 inane

154 886 295 922 autem
329 884 392 921 est
423 879 532 920 finiri
567 892 739 933 corpore
771 878 911 932 cogit,
949 882 996 917 ut
1032 877 1089 918 sic
1120 877 1292 917 alternis
1328 877 1492 918 infinita
1523 879 1662 919 omnia
1684 877 1775 919 red-

154 957 255 999 dat''
276 962 317 1011 2).
367 956 410 998 Si
442 955 668 997 multitudo
700 959 935 996 atomorum
978 954 1142 995 infinita
1171 968 1255 995 non
1285 958 1416 1008 esset,
1453 957 1494 995 1Ο
1523 954 1629 996 nihil
1663 955 1777 1008 „exi-

153 1050 283 1091 guum
328 1039 468 1090 posset
515 1034 631 1075 horai
679 1034 825 1074 sistere
874 1038 1062 1088 tompus,
1111 1047 1208 1073 nam
1242 1032 1428 1087 dispulsa
1459 1047 1532 1073 suo
1571 1033 1621 1074 de
1655 1038 1777 1074 coetu

153 1113 345 1155 materiai
391 1112 511 1167 copia
556 1112 762 1164 ferretur,
811 1124 1010 1165 magnum
1052 1110 1292 1164 (infinitum)
1324 1124 1398 1165 per
1429 1111 1552 1152 inane
1585 1111 1774 1165 soluta”;

156 1192 201 1233 2⁰
244 1190 426 1232 mundus
458 1204 541 1230 non
575 1193 714 1241 esset,
747 1203 844 1229 nam
878 1202 1021 1228 omnes
1053 1202 1119 1228 res
1150 1192 1337 1243 tempore
1371 1188 1660 1230 diminuuntur
1691 1193 1777 1231 ato-

157 1269 236 1309 mis
268 1267 450 1320 avulsis,
484 1266 575 1307 cibo
607 1266 738 1320 igitur
769 1266 819 1305 iis
852 1280 956 1320 opus
989 1270 1071 1317 est,
1104 1279 1156 1306 ne
1181 1266 1416 1307 intereant:
1452 1266 1561 1322 quod
1583 1267 1777 1322 quoniam

155 1361 210 1388 ex
256 1350 427 1387 aeterno
474 1349 663 1400 tempore
708 1344 791 1384 iam
839 1343 995 1384 factum
1034 1348 1124 1397 est,
1172 1344 1336 1385 infinita
1366 1358 1470 1399 opus
1502 1349 1564 1385 est
1594 1344 1778 1400 undique

154 1425 273 1480 copia
304 1423 521 1464 materiae.
555 1447 609 1451 ——
643 1422 910 1463 Dissentiunt
940 1422 1051 1463 inter
1083 1436 1126 1463 se
1158 1422 1236 1462 viri
1269 1422 1379 1463 docti
1409 1423 1452 1462 in
1481 1427 1568 1463 toto
1589 1422 1779 1464 hocloco

155 1501 430 1558 explicando,
480 1501 684 1541 Munrous
734 1499 802 1552 (ad
836 1500 931 1552 088)
965 1504 1136 1552 censet,
1178 1504 1345 1554 poetam
1392 1499 1488 1541 inde
1535 1515 1560 1541 a
1604 1514 1663 1541 vs.
1697 1501 1778 1542 958

156 1594 287 1636 usque
335 1579 387 1620 ad
435 1580 516 1619 984
567 1578 882 1629 demonstrare,
915 1578 1183 1629 universum,
1232 1577 1273 1618 id
1305 1582 1368 1618 est
1409 1592 1614 1618 summam
1652 1578 1780 1619 totius

157 1659 279 1715 spatii
314 1663 355 1699 et
387 1658 618 1709 materiae,
652 1655 863 1696 infinitum
895 1669 1012 1708 esse,
1047 1655 1197 1696 deinde
1229 1670 1253 1696 a
1284 1670 1342 1696 vs.
1379 1658 1460 1697 984
1493 1656 1674 1711 spatium
1705 1670 1781 1711 per

158 1752 202 1779 se
244 1736 455 1777 infinitum
499 1748 619 1788 esse,
665 1734 845 1789 denique
892 1733 989 1774 inde
1037 1748 1061 1775 a
1106 1748 1164 1774 vs.
1202 1735 1308 1774 1008
1341 1734 1547 1774 infinitam
1578 1734 1779 1776 materiae

158 1820 364 1857 naturam.
426 1813 547 1855 Haeo
589 1813 817 1868 explicatio
865 1826 959 1853 cum
1005 1811 1178 1866 Epicuri
1220 1811 1359 1852 verbis
1401 1812 1619 1853 concinere
1666 1811 1781 1853 vide-

162 1898 229 1935 tur
251 1895 302 1946 3),
336 1891 409 1933 sed
440 1896 581 1932 tamen
613 1895 799 1931 mentem
832 1890 1048 1943 Lucretii,
1079 1890 1123 1930 ni
1143 1889 1347 1943 fallimur,
1381 1890 1619 1945 exprimere
1641 1890 1780 1946 putari

209 2067 231 2107 ¹>
280 2067 361 2098 Fere
385 2065 498 2097 iisdem
526 2063 633 2096 verbis
658 2063 749 2104 Epic.
778 2064 863 2104 apud
889 2064 928 2095 D.
957 2064 994 2095 L.
1020 2064 1075 2102 X,
1102 2066 1139 2095 41
1160 2088 1192 2094 ..
1222 2065 1260 2096 τὸ
1284 2067 1356 2096 πᾶν
1379 2064 1518 2105 ἄπειρόν
1542 2065 1628 2102 ἐστι,
1655 2067 1691 2097 τὸ
1718 2065 1780 2106 γὰρ

164 2131 418 2171 πεπερασμένον
452 2130 556 2168 ἄκρον
587 2128 651 2168 ἔχει
667 2137 671 2142 ·
690 2130 726 2160 τὸ
751 2127 885 2168 δ’ᾶκρον
909 2126 988 2168 παρ’
1013 2127 1126 2167 ἔτερόν
1151 2140 1181 2158 τι
1205 2128 1378 2167 θεωρεῖταε
1406 2126 1466 2168 (vs.
1493 2128 1576 2165 961,
1608 2130 1646 2158 ut
1670 2126 1781 2158 videa-

162 2197 218 2225 tur
248 2203 311 2234 quo
340 2203 405 2223 non
435 2190 565 2231 longius
594 2190 673 2221 haec
705 2201 818 2222 sensus
856 2194 974 2222 natura
1011 2191 1188 2231 sequatur).
1247 2190 1313 2221 Hic
1351 2194 1459 2221 autem
1483 2191 1591 2222 deesse
1624 2189 1783 2221 nonnulla

164 2256 263 2288 verba
290 2256 383 2287 nobis
407 2255 560 2286 videntur
591 2253 800 2286 huiusmodi:
838 2257 931 2296 παρὰ
965 2254 995 2286 δὲ
1029 2257 1065 2288 τὸ
1102 2257 1173 2286 πᾶν
1196 2255 1298 2286 οὐθὲν
1320 2255 1412 2286 ἔστιν
1437 2254 1488 2292 (cs.
1515 2254 1568 2296 39)
1593 2254 1673 2295 παρ’
1698 2256 1715 2286 ὃ
1739 2255 1783 2286 ἂν

165 2319 392 2360 θεωρούμενον
417 2320 454 2351 τὸ
478 2318 583 2357 ἄκρον
607 2317 712 2348 αὐτοῦ
737 2319 855 2357 φανείη
897 2317 1006 2358 (Lucr.
1033 2317 1067 2355 Ι,
1109 2319 1188 2355 063,
1218 2320 1318 2355 1001,
1360 2317 1425 2349 Cic.
1451 2318 1489 2348 de
1513 2317 1589 2349 Div.
1615 2317 1651 2349 II
1667 2342 1674 2356 ,
1701 2320 1781 2357 103,

166 2381 252 2423 quod
268 2380 398 2412 finitum
414 2382 479 2417 est,
503 2378 630 2420 inquit,
647 2379 745 2410 habet
756 2383 939 2411 extremum
953 2404 959 2411 .
975 2404 981 2410 .
997 2404 1003 2411 .
1029 2381 1115 2421 quod
1131 2384 1239 2411 autem
1255 2379 1354 2412 habet
1370 2384 1567 2419 extremum,
1591 2379 1624 2411 id
1640 2379 1784 2412 cernitur

167 2455 207 2476 ex
241 2443 304 2475 alio
337 2442 538 2474 extrinsecus
572 2469 579 2475 .
595 2467 601 2474 .
619 2467 648 2473 ..
684 2446 718 2474 at
740 2443 826 2484 quod
849 2453 942 2474 omne
966 2446 1031 2481 est,
1055 2443 1088 2474 id
1111 2454 1175 2474 non
1199 2442 1342 2475 cernitur
1364 2453 1404 2475 ex
1428 2443 1492 2475 alio
1515 2442 1715 2475 extrinsecus
1729 2467 1736 2474 .
1752 2466 1783 2474 ..

166 2507 251 2540 nihil
281 2507 383 2548 igitur
412 2518 486 2538 cum
520 2507 639 2539 habeat
673 2510 873 2544 extremum,
907 2505 1073 2537 infinitum
1097 2506 1159 2544 sit,
1184 2517 1314 2538 necesse
1336 2509 1428 2544 est.):
1456 2526 1492 2529 —
1519 2507 1601 2539 ὥστε
1624 2507 1684 2539 οὐκ
1707 2507 1785 2548 ἕχον

168 2572 291 2611 ἄκρον.
318 2572 422 2612 πέρας
447 2572 507 2603 οὐκ
530 2571 615 2612 ἔχει,
641 2569 746 2610 πέρας
771 2569 864 2601 δὀὐκ
888 2569 988 2610 ἕχον,
1014 2571 1153 2609 ἄπειρον
1177 2570 1219 2601 ἂν
1242 2572 1289 2608 εἴη
1315 2571 1367 2601 καὶ
1393 2571 1432 2602 οὐ
1457 2570 1719 2611 πεπερασμένον.

212 2632 236 2668 ²)
283 2632 412 2663 Lucret.
445 2632 482 2671 1,
520 2633 601 2664 1009
635 2641 722 2673 seqq.
771 2631 860 2662 Sext.
893 2631 986 2671 Emp.
1012 2631 1085 2662 adv.
1117 2631 1262 2663 Mathem
1278 2655 1284 2662 .
1385 2633 1437 2663 ὁτὲ
1462 2634 1520 2673 μὲν
1543 2633 1605 2674 γάρ
1629 2639 1731 2674 φησιν
1755 2633 1786 2674 (ὁ

170 2694 383 2737 Ἐπίκουρος)
409 2696 461 2728 ὅτι
486 2695 503 2733 ὴ
528 2698 596 2727 τῶν
619 2696 709 2728 ὅλων
731 2695 829 2736 φύσις
854 2695 992 2735 σώματά
1017 2694 1087 2726 ἐστι
1111 2696 1165 2726 καὶ
1189 2698 1302 2730 κενὸν,
1328 2696 1380 2727 ὁτὲ
1406 2695 1458 2732 δὲ,
1484 2695 1536 2727 ὅτι
1561 2696 1599 2727 τὸ
1623 2697 1694 2727 πᾶν
1710 2695 1783 2727 κατ’

169 2760 336 2800 ἀμφότερα
360 2759 500 2798 ἄπειρόν
524 2758 614 2795 ἐστι,
638 2759 724 2790 κατὰ
750 2759 790 2788 τὰ
814 2759 951 2798 σώματα
976 2758 1029 2789 καὶ
1055 2760 1092 2790 τὸ
1117 2758 1214 2790 κενὸν
1229 2783 1236 2796 ,
1260 2757 1414 2790 τουτέστι
1440 2759 1526 2790 κατά
1544 2769 1578 2790 τε
1596 2761 1634 2791 τὸ
1652 2759 1786 2797 πλῆθος

171 2824 238 2852 τῶν
272 2821 436 2861 σωμάτων
474 2822 528 2852 καὶ
562 2822 649 2853 κατὰ
683 2820 820 2863 μέγεθος
856 2821 915 2852 τοῦ
939 2822 1052 2859 κενοῦ,
1093 2822 1396 2861 ἀντιπαρηκουσῶν
1420 2822 1591 2859 ἀλλήλαις
1615 2825 1684 2853 τῶν
1707 2822 1782 2853 καθ’

170 2883 325 2925 ἑκάτερον
348 2885 518 2924 ἀπειριῶν.

213 2948 238 2988 ³)
285 2946 340 2978 Vs.
377 2949 524 2978 958—84
549 2960 586 2976 z.
613 2950 650 2980 τὸ
673 2949 744 2979 πᾶν
767 2947 926 2988 ἄπειρον,
962 2960 990 2979 ιε.
1015 2960 1043 2980 r.
1068 2947 1080 2979 ἑ
1116 2957 1189 2988 pag.
1224 2958 1294 2988 sup.
1318 2951 1385 2980 not.
1412 2949 1451 2986 23
1488 2948 1548 2978 984
1573 2957 1642 2988 sqq.
1668 2958 1706 2975 =
1731 2947 1787 2979 καὶ

172 3010 238 3050 μὴν
260 3010 313 3041 καὶ
329 3033 335 3039 .
349 3033 378 3042 ..
396 3022 423 3040 κ.
444 3022 471 3041 r.
490 3009 510 3042 ἑ.
533 3009 620 3041 infra
643 3013 709 3041 not.
737 3011 766 3041 3.
