1894 3235
840 142 892 181 13

67 280 227 317 eertum
256 275 426 316 modum
456 274 580 315 rebus
612 275 884 315 constitutum
918 288 1036 327 esse,
1069 287 1194 329 quem
1225 272 1459 327 transgredi
1481 286 1564 313 non
1584 286 1676 327 pos-

65 354 149 394 sint
168 356 195 406 ¹)
214 386 224 406 ,
258 377 310 381 —
341 357 482 393 nostro
503 365 692 407 quaeque
715 351 857 392 labore
877 352 1010 391 multo
1032 351 1205 392 meliora
1226 350 1316 390 fieri
1338 363 1458 405 posse
1475 348 1508 402 2)
1528 382 1536 402 ,
1569 363 1676 404 quae

66 431 205 472 omnia
235 430 384 470 docent
413 443 529 470 suam
552 443 719 469 causam
743 428 896 469 habere
919 441 1205 483 quaecumque
1226 427 1350 480 fiant,
1382 427 1465 467 iam
1487 430 1676 467 constare

65 507 231 549 videtur
249 540 259 560 ,
291 507 397 548 nihil
428 521 450 548 e
472 506 604 547 nihilo
628 507 717 547 fieri
738 520 871 561 posse.
905 506 1138 546 Illustravit
1158 505 1287 559 igitur
1307 505 1449 545 multis
1473 504 1677 559 exemplis

64 590 189 641 poeta
219 585 380 638 thesin,
412 599 536 640 quam
568 584 776 639 Epicurus
808 584 972 638 posuit,
1006 597 1141 639 neque
1175 588 1317 624 tamen
1339 581 1534 638 probavit
1556 596 1676 622 suum

65 664 328 719 principium.
370 663 479 703 Nam
511 676 605 702 cum
636 662 822 716 probarit
855 661 1014 713 omnia,
1049 674 1154 716 quae
1175 661 1300 714 fiant,
1333 674 1500 702 causam
1521 659 1677 700 habere

65 741 176 782 unde
226 741 350 793 fiant,
390 753 525 796 neque
572 745 730 780 temere
776 740 888 792 fieri,
932 754 1015 780 non
1046 739 1200 780 refellit
1232 753 1330 791 eos,
1378 739 1447 794 qui
1480 738 1678 779 divinitus

65 833 131 859 res
161 819 251 859 fieri
283 818 536 870 credebant,
569 818 594 857 i.
636 832 670 858 e.
705 818 774 873 qui
806 831 946 857 rerum
978 817 1087 857 ortui
1121 816 1187 857 (lei
1218 816 1479 856 voluntatem
1510 829 1678 856 causam

65 895 254 936 tribuunt
286 900 327 936 et
358 895 465 936 hanc
497 895 548 935 ob
579 908 668 935 rem
691 908 857 935 omnem
879 894 1163 950 t-QQQKQ
1185 906 1412 948 QSERQQLQ
1433 892 1676 933 excludunt.

67 974 222 1026 Stoici,
254 973 453 1014 adversus
486 987 587 1028 quos
618 973 841 1013 Lucretius
877 971 943 1012 1110
983 971 1158 1012 fortasse
1180 985 1367 1026 pugnam
1397 970 1518 1023 facit,
1556 970 1680 1010 deum

66 1051 333 1107 appellabant
368 1053 669 1107 „ffpovonrmbv
702 1052 857 1103 κόσμου
880 1068 920 1091 τε
943 1052 1004 1091 καὶ
1027 1053 1110 1091 τῶν
1133 1051 1174 1090 ἐν
1195 1050 1350 1104 κόσμῳ.
1370 1079 1379 1088 .
1400 1080 1407 1088 .
1428 1047 1680 1103 δημιουργὸν

66 1133 150 1172 τῶν
183 1130 296 1171 ὅλων
329 1133 391 1171 καὶ
423 1130 558 1182 ὥσπερ
591 1131 738 1183 πατέρα
771 1129 968 1169 πάντων.
988 1158 996 1166 .
1017 1157 1025 1168 .
1049 1158 1057 1166 .
1091 1124 1127 1168 δι
1159 1127 1208 1167 ὃν
1239 1127 1287 1167 τὰ
1326 1128 1501 1168 πάντα.”
1537 1126 1679 1179 (Diog.

67 1208 116 1248 L.
148 1207 258 1260 VH,
295 1208 407 1259 147).
468 1207 549 1254 Qui
595 1206 654 1246 ita
699 1205 884 1246 sentiunt
932 1218 1030 1244 sane
1075 1210 1227 1258 poetae
1277 1203 1509 1244 concedunt
1542 1203 1681 1244 omnia

68 1297 90 1324 e
121 1284 280 1324 semine
312 1283 489 1339 quodam
521 1296 706 1324 crescere
738 1287 780 1322 et
811 1295 929 1322 suam
960 1280 1115 1321 habere
1138 1294 1328 1334 causam,
1361 1280 1461 1335 quin
1484 1280 1563 1335 ipsi
1591 1281 1680 1322 sca-8³

68 1364 306 1417 εἱμαρμένην
355 1360 396 1403 δέ
427 1371 524 1417 φασι
555 1364 603 1402 τὰ
635 1364 769 1402 πάντα
801 1362 1021 1415 γίγνεσθαι
1055 1358 1125 1410 (1.1.
1163 1360 1284 1411 149),
1329 1372 1423 1398 cuni
1454 1357 1680 1412 Epicurei,

67 1444 192 1495 poeta
223 1453 410 1495 quoque,
444 1439 608 1493 saepius
643 1437 834 1490 „foedera
855 1437 1047 1478 naturas'
1070 1440 1374 1491 perrumpant,
1408 1435 1480 1476 sed
1494 1436 1682 1489 primam

69 1531 235 1558 causam
272 1516 396 1557 huius
435 1516 581 1557 mundi
613 1515 799 1565 εὐταξίας
833 1519 983 1570 putant
1014 1515 1075 1555 illi
1106 1515 1230 1555 deum
1262 1528 1366 1555 esse.
1429 1514 1510 1561 Qui
1542 1518 1682 1554 autem

68 1594 266 1636 adversus
306 1594 381 1635 hos
426 1594 590 1649 sapiens
645 1598 687 1634 et
729 1593 874 1633 doctus
917 1593 981 1632 vir
1026 1592 1134 1633 hane
1183 1591 1372 1639 εὐταξίαν
1419 1591 1567 1649 afferre
1613 1605 1684 1646 po—

68 1676 172 1725 test,
214 1676 261 1713 ut
300 1671 450 1726 probet
495 1671 678 1723 „nullam
717 1684 806 1710 rem
848 1683 870 1710 e
912 1670 996 1709 nilo
1040 1670 1159 1723 gigni
1202 1669 1402 1709 divinitus
1433 1669 1682 1724 unquam''?

69 1749 200 1790 Porro
243 1748 588 1803 perspicuitatem
636 1747 1010 1802 argumentationis
1044 1746 1281 1787 obscmavit
1321 1746 1543 1787 Lucretius
1578 1745 1682 1786 haec

71 1827 152 1867 duo
183 1826 467 1867 confundens:
506 1826 645 1867 omnia
676 1839 782 1881 quae
813 1825 915 1866 fiant
947 1838 1114 1865 causam
1144 1824 1299 1865 habere
1332 1833 1373 1864 et
1405 1824 1543 1864 omnia
1575 1837 1681 1878 quae

69 1905 171 1946 fiant
202 1919 257 1946 ex
287 1905 436 1945 atomis
471 1905 698 1945 exsistere:
732 1904 881 1944 atomis
912 1902 979 1943 hic
1010 1902 1117 1943 nihil
1148 1907 1210 1943 est
1242 1902 1334 1942 loci.
1395 1902 1505 1942 Nam
1526 1902 1569 1942 in
1590 1901 1681 1941 fun-

71 1982 265 2024 damento
297 1982 425 2023 totius
459 1982 672 2022 doctrinae
704 1980 888 2021 nondum
920 1979 1109 2020 adhiberi
1134 1984 1272 2034 potest
1294 1979 1364 2031 id,
1397 1979 1514 2020 cuius
1533 1983 1683 2019 natura

72 2065 114 2102 et
144 2061 299 2102 veritas
338 2060 430 2115 ipsa
462 2059 631 2100 demum
665 2059 852 2099 doctrina
885 2058 1205 2098 demonstratur.
1268 2057 1351 2098 Sed
1383 2057 1509 2097 etiam
1541 2057 1575 2096 si
1605 2056 1682 2098 hoc

71 2139 221 2179 vitium
266 2138 422 2192 logices
468 2137 569 2178 artis
617 2137 655 2177 ei
685 2137 903 2191 ignoscere
935 2136 1155 2188 volumus,
1188 2140 1329 2175 tamen
1359 2134 1547 2175 manebit
1577 2134 1683 2187 hoc,

73 2216 183 2272 quod
214 2216 340 2256 dicit:
372 2216 568 2256 materies
608 2220 669 2255 est
701 2220 894 2267 aeterna,
926 2227 1023 2254 nam
1056 2213 1195 2253 omnia
1217 2217 1408 2253 constant
1431 2226 1485 2253 ex
1507 2213 1683 2265 atomis,

73 2294 151 2334 etsi
181 2301 327 2349 postea
346 2307 488 2333 rursus
510 2292 828 2333 ratiocinabitur
848 2306 855 2331 z
888 2290 1016 2331 atomi
1039 2295 1135 2330 sunt
1156 2289 1459 2342 immutabiles,
1482 2303 1579 2329 nam
1599 2303 1685 2330 ma-

73 2371 200 2412 teries
231 2376 294 2412 est
325 2381 506 2411 aeterna.
566 2370 655 2410 Aut
686 2369 753 2409 hie
786 2368 987 2409 debuerat
1020 2367 1333 2419 demonstrare,
1365 2367 1586 2407 materiem
1618 2380 1685 2407 ae-

73 2453 236 2489 ternam
286 2462 375 2489 esse
422 2449 511 2489 sine
557 2452 791 2489 atomorum
836 2446 1022 2498 auxilio,
1075 2449 1148 2486 aut
1197 2450 1343 2500 postea
1389 2449 1550 2486 atomos
1595 2457 1685 2485 esse

72 2530 265 2567 aeternas
296 2526 451 2582 absque
482 2525 631 2580 prioris
661 2525 774 2565 illius
804 2523 1038 2564 sententiae
1071 2536 1162 2578 ope.

130 2605 175 2646 Si
205 2608 347 2646 autem
376 2603 483 2644 nihil
513 2617 535 2644 e
565 2603 697 2644 nihilo
727 2603 774 2643 fit
805 2602 932 2643 etiam
962 2601 1069 2641 nihil
1104 2600 1157 2641 ad
1195 2599 1301 2640 nihil
1342 2599 1560 2654 redigitur.

250 2682 372 2735 „Huc
403 2681 563 2723 accedit
593 2681 656 2722 uti
686 2680 864 2737 quicque
896 2680 940 2719 in
971 2693 1045 2719 sua
1076 2691 1248 2732 corpora
1279 2690 1443 2717 rursum

247 2760 446 2801 dissoluat
476 2763 626 2800 natura
655 2771 791 2814 neque
822 2757 875 2798 ad
904 2756 1037 2797 nilum
1067 2755 1292 2796 interemat
1322 2768 1400 2795 res.

119 2943 140 2981 ι)
186 2943 242 2974 Vs.
266 2944 381 2973 —208.

117 3005 145 3048 ²)
190 3005 248 3037 Vs.
272 3007 387 3036 —214.
