1894 3235
899 124 976 163 167

133 256 361 312 „quaedam
407 262 596 312 oportere
643 270 842 312 quaerere
883 261 925 298 et
957 256 1130 298 definire
1163 255 1214 297 de
1246 254 1350 308 diis,
1397 253 1601 310 quaedam
1631 267 1730 295 vero

129 348 205 375 nec
236 348 434 390 quaerere
465 348 542 376 nec
573 334 771 375 definire'’
796 336 835 388 ¹).

186 412 446 468 Quamquam
491 412 669 453 fatemur
709 412 751 452 in
789 411 962 467 Epicuri
1007 411 1194 452 doctrina
1240 410 1338 451 deos
1382 408 1549 450 omnino
1594 407 1730 448 omitti

130 489 348 543 debuisse,
394 497 533 531 tamen
578 489 802 530 Posidonio
847 489 985 530 Stoico
1031 487 1258 529 concedere
1298 500 1381 527 non
1422 498 1640 541 possumus
1671 483 1731 524 di-

128 567 238 608 centi
260 566 312 620 ²),
361 567 521 619 „nullos
566 580 655 607 esse
703 566 801 607 deos
843 566 1024 622 Epicuro
1071 565 1231 618 videri,
1278 577 1467 620 quaeque
1502 563 1538 603 is
1570 561 1621 603 de
1653 561 1731 603 diis

126 644 428 685 immortalibus
474 644 653 695 dixerit,
700 644 882 684 invidiae
929 642 1199 684 detestandae
1229 641 1364 696 gratia
1395 640 1591 681 dixisse’&
1650 639 1731 680 Po-

126 721 276 762 sidonii
306 726 600 775 argumentum
630 721 747 762 futile
780 735 869 762 esse
901 721 1020 761 facile
1051 721 1086 761 is
1116 719 1258 772 videt,
1291 719 1362 774 qui
1391 721 1559 774 reputat
1579 717 1732 771 vulgus

126 813 208 840 non
254 813 349 840 eum
394 799 527 840 solum
557 799 684 841 ἄθεον
717 799 984 851 existimare,
1032 799 1102 854 qui
1134 797 1232 838 deos
1264 811 1381 851 esse,
1427 810 1573 838 verum
1604 796 1730 837 etiam

128 876 198 931 qui
230 889 300 917 eos
330 877 434 917 tales
455 890 545 917 esse
569 880 609 917 et
632 891 679 917 oo
700 877 822 917 modo
846 876 1062 929 colendos,
1096 890 1176 931 quo
1199 876 1351 930 vulgus
1373 879 1562 928 censeat,
1590 878 1730 928 neget.

124 953 184 994 At
216 967 297 994 non
328 953 460 994 solum
490 953 698 1009 Epicurus
728 970 751 995 a
783 954 860 994 diis
891 955 1022 994 multa
1053 953 1330 1006 abiudicavit,
1362 966 1468 1008 quae
1499 952 1650 1006 vulgus
1679 951 1731 991 iis

125 1029 360 1083 tribuebat,
391 1044 538 1071 verum
571 1031 696 1072 etiam
727 1031 847 1072 aliter
878 1030 975 1071 deos
1007 1030 1200 1071 colendos
1232 1043 1321 1071 esse
1342 1029 1515 1082 statuit,
1546 1033 1731 1070 attamen

126 1121 168 1148 se
213 1121 313 1148 vera
352 1107 509 1162 pietate
546 1107 769 1148 adductum
802 1107 899 1147 deos
929 1107 1043 1148 adire
1075 1108 1262 1162 putabat.
1324 1105 1535 1162 Ἀσεβὴς,
1567 1106 1730 1161 inquit,

125 1185 208 1240 οὐχ
242 1187 263 1226 ὁ
295 1187 394 1233 τοὺς
425 1188 507 1226 τῶν
539 1184 716 1226 πολλῶν
747 1186 869 1234 θεοὺς
903 1186 1110 1240 ἀναιρῶν,
1150 1184 1248 1227 ἀλλ’
1280 1187 1302 1226 ὁ
1334 1185 1407 1232 τὰς
1439 1187 1521 1225 τῶν
1552 1183 1731 1225 πολλῶν

126 1260 254 1310 δόξας
284 1265 398 1311 Ξῖεοῖς
429 1263 684 1316 προσάπτων
708 1276 715 1283 “
749 1262 796 1303 οὐ
829 1263 910 1317 γὰρ
942 1264 1174 1318 προλήψεις
1207 1264 1307 1304 εἰσίν
1327 1294 1337 1311 ,
1374 1261 1470 1303 ἀλλ’
1502 1260 1732 1314 ὑπολήψεις

124 1337 287 1393 ψευδεῖς
333 1341 372 1380 αἱ
411 1342 494 1380 τῶν
530 1339 708 1380 πολλῶν
741 1340 840 1392 ὑπὲρ
871 1342 980 1380 ,θεῶν
1012 1340 1242 1394 ἀποφάσεις
1263 1340 1306 1391 3).
1368 1338 1449 1385 Qui
1481 1342 1620 1378 autem
1651 1336 1730 1378 hoc

125 1416 290 1471 scripsit
336 1430 434 1457 sane
479 1416 597 1470 vulgi
642 1416 843 1457 iudicium
888 1430 971 1457 non
1016 1417 1179 1457 metuit.
1227 1441 1280 1445 —
1322 1416 1482 1457 Eodem
1526 1415 1731 1471 principio

125 1492 273 1534 ductus
318 1493 540 1534 Lucretius
580 1508 726 1535 verum
773 1494 932 1535 cultum
979 1494 1150 1535 deorum
1194 1494 1311 1548 vulgi
1358 1494 1484 1535 sacris
1530 1493 1728 1548 opponit:

129 1571 287 1626 „pietas
328 1572 510 1625 (n)ullast
555 1572 740 1613 velatum
781 1585 906 1627 saepe
950 1572 1085 1613 videri
1125 1572 1281 1613 vertier
1310 1572 1363 1613 ad
1392 1571 1574 1627 lapidem
1606 1575 1730 1626 atque

124 1649 257 1689 omnis
287 1648 486 1690 accedere
517 1648 570 1690 ad
601 1663 692 1690 aras
722 1663 799 1690 nec
830 1649 1104 1704 procumbere
1134 1649 1252 1690 humi
1282 1653 1537 1704 prostratum
1567 1652 1609 1690 et
1629 1663 1730 1704 pan-

124 1726 221 1767 dere
266 1726 426 1781 palmas
457 1731 554 1768 ante
587 1727 711 1768 deum
743 1727 943 1780 delubra,
988 1740 1066 1768 nec
1097 1741 1190 1767 aras
1221 1727 1423 1781 sanguine
1454 1727 1586 1767 multo
1618 1740 1730 1781 spar-

121 1817 220 1858 gere
265 1803 605 1859 quadrupedum,
651 1817 727 1845 nec
773 1804 881 1845 votis
926 1808 1094 1844 nectere
1134 1808 1261 1856 vota,
1303 1803 1374 1844 sed
1417 1817 1534 1859 ¹maye
1571 1807 1730 1857 pacata

118 1895 238 1936 posse
277 1883 413 1922 omnia
445 1886 574 1922 mente
605 1882 737 1922 tzceri''
762 1881 806 1931 4).
866 1881 1055 1922 Delubra
1087 1881 1210 1922 deum
1241 1880 1405 1936 placido
1437 1895 1530 1922 cum
1561 1884 1730 1935 pectore

121 1962 217 1999 sunt
263 1958 477 2012 adeunda,
529 1959 681 2012 „animi
726 1959 950 2014 tranquilla
985 1961 1114 2014 pace”
1150 1958 1322 1999 deorum
1353 1959 1574 1999 simulacra
1604 1958 1731 1999 susci-

121 2050 221 2091 pere
253 2036 451 2077 debemus
474 2037 520 2090 5).
581 2037 687 2078 Cum
716 2037 833 2091 Vulgi
864 2037 1011 2091 religio
1043 2036 1096 2077 ad
1125 2036 1285 2090 flagitia
1315 2040 1357 2077 et
1386 2036 1569 2077 facinora
1598 2035 1731 2076 homi-

121 2126 196 2153 nes
226 2114 433 2168 propellat
454 2114 508 2167 ⁶),
553 2127 654 2154 vera
686 2113 858 2154 deorum
890 2113 1072 2168 cognitio
1103 2127 1177 2154 nos
1209 2113 1330 2154 docet
1360 2114 1409 2155 τὰ
1442 2119 1627 2169 στοιχεῖα
1658 2117 1732 2154 τοῦ

121 2190 259 2240 καλῶς
310 2190 385 2239 ζῆν
407 2190 456 2243 ³),
507 2205 601 2231 cum
650 2191 864 2246 tranquilli
915 2190 1087 2232 deorum
1133 2190 1416 2231 venerandam
1466 2190 1743 2231 maiestatem·

121 2268 451 2323 contemplemur
482 2273 524 2309 et
554 2268 645 2324 ipsa
676 2275 826 2310 natura
858 2268 935 2309 diis
958 2282 1109 2323 expers
1132 2268 1270 2309 omnia
1296 2268 1557 2323 suppeditet,
1582 2268 1731 2323 quibus

121 2343 174 2384 ad
214 2343 365 2384 bonam
406 2345 535 2386 vitam
565 2345 684 2386 nobis
716 2359 818 2400 opus
851 2350 925 2386 est.
989 2344 1205 2400 „Apparet
1236 2344 1378 2385 divum
1407 2359 1563 2386 numen
1593 2345 1730 2386 sedes-

162 2547 186 2585 ι)
231 2546 409 2578 Phssodem.
455 2546 505 2578 De
527 2547 659 2578 deorum
682 2546 815 2579 vivendi
836 2546 981 2586 ratione,
1011 2557 1069 2587 per
1090 2545 1290 2578 coniecturas
1311 2545 1528 2587 investigata,
1551 2546 1729 2578 secundum

118 2608 257 2640 Zenonis
277 2608 406 2649 placita.
451 2608 581 2641 Volum.
605 2608 782 2640 Herculan.
806 2609 898 2641 Tom.
921 2608 993 2648 VI,
1018 2608 1086 2641 Col.
1115 2611 1162 2640 14.

162 2671 191 2713 2)
237 2671 303 2703 Cic.
328 2672 367 2703 de
388 2675 456 2703 nat.
480 2672 565 2704 deor.
591 2671 630 2711 I,
655 2675 717 2710 44,
744 2674 814 2703 123.

162 2735 188 2774 3)
235 2734 276 2766 D.
300 2734 339 2766 L.
362 2734 415 2773 X,
441 2736 520 2773 123,
547 2736 617 2766 124.

162 2797 189 2837 4)
233 2796 284 2835 V,
310 2798 390 2828 1198
414 2806 502 2838 seqq.

161 2859 189 2900 ⁵)
232 2859 302 2898 VI,
328 2859 366 2893 75
389 2869 477 2901 seqq.

161 2922 187 2962 ὃ)
232 2922 269 2961 Ι,
295 2923 335 2953 82
348 2945 356 2961 ,
380 2921 458 2961 „illa
480 2921 593 2963 religio
614 2921 740 2963 peperit
762 2922 918 2955 scelerosa
939 2925 1036 2965 atque
1057 2921 1158 2964 impia
1179 2922 1298 2954 facta'’.

162 2984 189 3025 τ)
235 2984 276 3015 D.
300 2984 338 3016 L.
361 2984 416 3024 X,
442 2986 512 3016 123.
