1921 3235
901 128 980 169 178

124 270 193 324 ρίᾳ
225 268 362 323 φΰσει,
405 268 466 308 ὅτι
495 266 545 308 τὰ
577 264 780 320 ἀναγκαῖα
811 265 1002 312 ἐποίησεν
1033 262 1255 318 εὐπόριστα
1274 294 1284 311 ,
1327 262 1377 304 τὰ
1408 259 1449 304 δὲ
1481 259 1740 316 δυσπόριστα

126 345 201 388 οὐκ
246 346 449 401 ἀναγκαῖα
475 343 513 397 ¹).
574 341 644 383 Sic
689 340 817 382 etiam
857 339 980 381 multi
1023 338 1086 380 illi
1115 338 1220 393 loci,
1261 338 1412 395 quibus
1441 338 1610 379 nomine
1644 337 1742 378 deo-

125 436 219 464 rum
273 425 448 464 naturae
493 420 604 461 vires
648 418 872 460 Lucretius
928 417 1141 471 celebrat,
1181 416 1387 472 imprimis
1427 415 1658 457 clarissima
1700 418 1743 456 et

124 498 408 556 pulcherrima
435 497 508 539 illa
537 495 719 538 Veneris
748 495 958 538 invocatio
988 494 1110 536 initio
1141 494 1238 536 libri
1268 493 1392 550 primi
1412 492 1471 548 ²),
1509 492 1616 534 nihil
1647 506 1743 534 eon-

125 577 288 631 tinent,
320 574 431 632 quod
461 588 556 616 cum
585 573 761 630 Epicuri
791 577 934 614 mente
964 586 1048 614 non
1078 571 1314 613 conveniat.
1366 571 1594 613 Praeterea
1617 568 1744 625 poeta

126 655 238 697 eavit
265 667 320 695 ne
350 653 395 694 in
427 665 588 694 errores
618 665 694 694 eae
723 649 998 706 metaphorae
1030 649 1182 691 ducere
1213 652 1411 704 possent,
1453 661 1548 689 cum
1579 647 1744 703 saepius

125 731 198 787 qui
229 730 311 771 sint
340 727 652 783 intellegendae
682 727 774 782 ipse
803 725 1019 767 indicavit.
1053 725 1115 767 Of.
1147 724 1233 778 IV,
1269 725 1402 778 1058;
1433 724 1499 777 V,
1531 725 1628 765 821.

182 808 412 850 Praeterea
441 807 634 848 Ritterus
664 804 773 846 hanc
804 804 855 846 ob
887 817 1056 846 causam
1087 803 1333 844 Lucretium
1362 802 1487 843 laude
1510 801 1743 856 digniorem

126 900 217 928 esse
246 886 337 928 vult
368 899 494 942 quam
526 884 780 940 Epicurum,
812 883 911 939 quia
941 882 1077 937 magis
1108 885 1283 922 naturae
1304 879 1597 936 phaenomena
1615 879 1745 920 firmis

125 964 357 1006 rationibus
403 962 652 1018 legibusque
697 961 833 1002 teneri
865 960 1012 1002 doceat
1033 959 1078 1010 3).
1139 958 1198 1000 At
1242 958 1409 999 Rittero
1449 960 1745 1012 argumentum

126 1041 346 1098 quaerenti
386 1041 552 1082 fortuna
582 1054 666 1081 non
698 1039 851 1080 arrisit.
912 1037 1006 1079 Hoc
1038 1037 1150 1078 enim
1180 1036 1351 1092 profert.
1411 1035 1462 1077 In
1491 1034 1745 1091 phaenome-

125 1120 191 1176 nis
237 1118 498 1175 explicandis
529 1118 698 1159 Rittero
729 1116 867 1158 iudice
899 1130 1024 1171 quam
1054 1115 1239 1156 maxime
1269 1113 1419 1155 vitavit
1448 1117 1574 1169 poeta
1603 1126 1745 1154 casum

125 1197 418 1253 fortunamque
465 1195 694 1249 inducere,
741 1195 842 1250 quin
889 1194 1016 1235 etiam
1062 1193 1196 1249 ipsam
1227 1192 1454 1233 humanam
1483 1191 1744 1232 voluntatem

125 1275 250 1317 certis
282 1274 417 1316 causis
439 1273 602 1315 definiri
634 1277 676 1314 et
706 1272 867 1313 moveri
899 1271 1052 1312 docuit.
1085 1270 1222 1326 Supra
1251 1283 1347 1325 pag.
1371 1271 1438 1323 99,
1464 1270 1543 1310 100
1563 1267 1745 1309 vidimus

124 1352 168 1394 id
198 1366 346 1393 verum
378 1365 494 1404 esse,
526 1351 599 1392 sed
631 1350 757 1391 simul
789 1363 843 1391 ex
863 1350 965 1405 ipsis
987 1348 1160 1404 Epicuri
1184 1348 1349 1403 scriptis
1367 1346 1744 1388 demonstravimus

123 1430 371 1484 magistrum
402 1429 515 1470 idem
548 1428 696 1469 fecisse
729 1433 770 1468 et
802 1428 1053 1482 discipulum
1083 1441 1166 1467 non
1194 1425 1316 1467 laude
1339 1425 1412 1466 sed
1434 1425 1744 1480 vituperatione

124 1508 263 1563 potius
310 1507 485 1562 dignum
534 1520 652 1559 esse,
700 1520 794 1547 eum
840 1505 979 1546 media
1010 1505 1054 1545 in
1087 1503 1369 1545 controversia
1399 1517 1473 1543 nos
1504 1502 1744 1558 reliquerit,

124 1599 248 1641 quam
295 1585 495 1638 magister
542 1584 701 1624 evitare
747 1583 814 1624 vel
861 1583 1021 1623 solvere
1068 1586 1241 1623 conatus
1288 1582 1352 1622 sit.
1421 1581 1537 1629 Quae
1582 1580 1745 1636 reliqua

127 1663 366 1705 discrimina
398 1663 590 1703 Ritterus
623 1676 665 1702 se
698 1661 855 1702 eruisse
888 1665 1031 1716 putat,
1070 1674 1163 1701 cum
1197 1660 1457 1715 superiorum
1489 1659 1741 1713 gravitatem

126 1756 209 1782 non
252 1744 474 1796 superent,
521 1739 751 1795 praeterire
796 1739 915 1779 nobis
962 1738 1110 1790 liceat,
1152 1741 1198 1778 ut
1236 1741 1442 1792 quatenus
1474 1736 1743 1791 Empedoclis

128 1818 314 1860 doctrina
364 1818 538 1873 Epicuri
593 1817 903 1872 philosophiam
955 1815 1154 1857 Lucretio
1202 1815 1434 1870 interprete
1483 1814 1743 1868 immutarit,

125 1896 442 1950 investigemus,
505 1895 663 1936 Eorum
709 1895 858 1948 turba,
917 1894 987 1950 qui
1033 1893 1076 1934 id
1112 1892 1345 1946 affirmant,
1392 1907 1474 1933 non
1519 1891 1742 1933 admodum

127 1978 190 2015 est
221 1988 371 2029 parva,
420 1973 530 2013 inter
561 1986 663 2028 quos
696 1971 966 2013 numerandi:
1027 1971 1212 2012 Friesius
1231 1973 1288 2024 ⁴),
1330 1971 1522 2012 Ritterus
1542 1969 1594 2023 5),
1637 1969 1743 2010 Kar-

125 2050 285 2092 stenius
307 2052 360 2103 ὓ),
407 2049 690 2091 Reisackerus
716 2049 766 2102 ⁷),
814 2049 980 2089 Hallier
1002 2048 1056 2102 >³),
1099 2048 1314 2089 Baestlein
1335 2047 1376 2100 9).
1437 2047 1593 2088 Omnes
1623 2060 1743 2102 quos-

123 2127 219 2169 dam
250 2128 364 2168 locos
386 2131 558 2178 notant,
591 2126 744 2182 quibus
776 2126 1014 2179 Lucretius,
1037 2125 1336 2181 Empedoclem
1358 2129 1539 2177 secutus,
1571 2124 1623 2165 ab
1642 2123 1742 2179 Epi-

169 2310 193 2352 ¹)
242 2309 331 2342 Stob.
357 2308 470 2342 Floril.
494 2309 535 2348 Ι,
561 2310 633 2340 281.

167 2372 195 2414 ²)
240 2372 327 2404 Mira
360 2376 409 2404 est
431 2371 644 2413 congruentia
666 2382 713 2403 vs.
739 2373 800 2402 22:
834 2382 915 2410 „nee
939 2371 1008 2403 sine
1030 2375 1063 2404 te
1088 2371 1237 2413 (Venere)
1263 2370 1437 2413 quicquam
1460 2370 1530 2402 dias
1552 2370 1587 2401 in
1608 2368 1742 2402 luminis

126 2445 198 2467 oras
220 2435 405 2473 exoritur”‚
430 2445 504 2466 eum
526 2434 587 2466 hoe
611 2433 763 2466 Schilleri
785 2444 904 2466 versu:
930 2434 1046 2472 „Ohne
1071 2433 1170 2465 Liebe
1193 2433 1289 2465 kehrt
1311 2433 1389 2465 kein
1411 2432 1572 2474 Fruhling
1588 2431 1741 2464 wieder”.

171 2497 198 2539 3)
245 2497 323 2539 Pag.
361 2498 422 2530 97:
469 2496 589 2528 Hierin
622 2496 749 2528 schcint
782 2506 817 2528 er
849 2495 1032 2536 uberhaupt
1065 2506 1140 2528 vom
1173 2495 1336 2536 Epikuros
1366 2494 1459 2527 nicht
1485 2493 1744 2526 unvortheilhaft

126 2559 195 2592 sich
230 2571 273 2591 zu
306 2559 576 2598 unterscheiden,
612 2560 685 2591 dass
720 2570 754 2590 er
787 2560 844 2591 das
868 2558 1126 2600 Gesetzmiissige
1148 2558 1183 2590 in
1206 2559 1262 2590 der
1283 2557 1520 2599 Entwicklung
1541 2558 1597 2589 der
1619 2557 1742 2589 Natur-

125 2622 383 2664 erscheinungen
405 2622 505 2654 fester
527 2633 571 2654 zu
592 2621 706 2654 halten
728 2621 841 2654 strebt.

168 2684 195 2726 ⁴¹)
243 2683 436 2716 Geschichte
459 2684 514 2716 der
536 2683 757 2725 Philosophie.
803 2682 902 2715 Halle
928 2683 1028 2721 1837,
1053 2682 1116 2715 vol.
1144 2685 1158 2714 l
1173 2706 1182 2721 ,
1207 2693 1238 2723 p.
1264 2683 1336 2714 209.

170 2746 193 2784 ⁵)
240 2746 277 2778 L.
301 2745 323 2777 1.
346 2756 377 2786 p.
403 2747 454 2777 98.

169 2808 195 2851 6)
243 2808 447 2850 Empedoclis
468 2807 675 2850 Agrigentini
697 2809 876 2840 carminum
898 2808 1064 2851 reliquiae.
1109 2807 1341 2841 Amstelodami
1363 2807 1505 2846 Muller,
1531 2808 1622 2839 1838.

170 2871 197 2912 7)
244 2870 375 2908 Quaest.
400 2871 528 2902 Lucret.
551 2881 583 2912 p.
608 2873 659 2902 43.

169 2934 197 2975 ⁸)
243 2933 376 2966 Lucreti
399 2933 551 2966 Carmina
571 2944 589 2966 e
611 2933 802 2975 fragmentis
823 2933 1028 2975 Empedoclis
1049 2932 1250 2965 adumbrata.
1295 2932 1316 2965 J
1318 2943 1397 2965 enac
1422 2933 1513 2967 1857.

169 2996 196 3038 ⁹)
244 2996 330 3033 Quid
352 2997 466 3029 debeat
488 2996 659 3029 Lucretius
680 2996 870 3038 Empedocli
891 2996 1114 3038 Agrigentino.
1165 2996 1197 3029 S.
1221 2995 1243 3028 1.
1267 2999 1300 3028 et
1321 3006 1349 3027 a.
