1894 3235
870 146 923 185 59

90 277 174 318 iam
233 281 357 319 antea
415 278 621 319 refutarat
657 276 698 331 ¹).
773 277 857 318 Eos
896 277 1111 332 redarguit
1156 280 1450 332 argumentum
1494 274 1704 331 proferen-

92 355 143 396 do
162 388 171 408 ,
202 355 312 411 quod
342 355 592 396 Aristoteles
616 355 699 396 iam
727 355 931 408 adhibuit,
954 355 1214 397 harmoniam
1233 355 1285 396 ad
1302 354 1485 409 corporis
1501 352 1706 394 valetudi-

89 446 186 473 nem
206 432 467 473 referendam
484 446 573 473 esse
590 446 726 488 neque
743 432 794 473 ad
816 432 1001 473 animum
1022 446 1143 488 posse
1161 432 1326 484 referri⁷
1349 431 1497 472 eodem
1515 435 1704 485 tempore

90 510 204 551 aliud
221 510 358 551 animo
377 543 386 563 ,
418 510 531 551 aliud
553 524 723 565 corpore
746 524 867 565 posse
885 511 1030 551 sentiri
1048 514 1089 551 et
1106 510 1291 551 animum
1308 508 1477 565 quidem
1493 507 1704 548 interdum

88 588 236 629 laetari
282 592 323 629 et
368 588 507 629 dolere
553 587 651 628 dum
691 602 840 643 corpus
885 602 1053 643 prorsus
1100 588 1263 628 diversa
1304 587 1457 628 sentiat
1488 590 1560 627 aut
1592 585 1704 626 omni

88 679 212 706 sensu
254 670 405 706 careat.
477 665 632 707 Contra
680 665 985 706 Dicaearchum
1025 669 1166 706 autem
1213 665 1312 705 dicit
1358 664 1544 705 animum
1587 677 1704 703 suam

87 742 242 784 habere
274 743 415 784 sedem
434 758 442 783 :
473 747 614 798 partes
644 743 753 783 enim
776 744 958 798 corporis
980 743 1176 784 dissecari
1196 756 1317 798 posse
1341 756 1435 783 cum
1455 741 1544 782 vita
1564 745 1705 781 tamen

87 825 255 862 maneat
297 825 339 861 et
370 824 540 862 contra:
578 835 694 873 „cum
732 835 904 875 corpora
935 835 1069 875 pauca
1099 820 1247 861 caloris
1280 819 1483 874 diffugere
1514 818 1705 873 forasque

87 910 163 952 per
192 911 236 938 os
267 901 330 937 est
362 896 497 937 editus
528 900 599 937 aer
630 896 784 937 deserit
817 897 1030 951 extemplo
1053 909 1181 937 venas
1204 901 1330 951 atque
1353 910 1444 936 ossa
1463 894 1704 950 relinquit’⁷.

87 974 314 1015 Poetarum
344 974 564 1015 inventum
594 974 724 1028 igitur
754 974 921 1015 videtur
950 973 1053 1014 haec
1075 973 1294 1015 harmonia
1315 986 1405 1014 esse
1428 987 1522 1014 cum
1544 974 1705 1013 constet

87 1051 272 1092 animum
304 1065 395 1092 esse
426 1050 606 1091 hominis
637 1055 814 1106 partem.

143 1129 248 1170 Inde
265 1144 289 1170 a
306 1144 363 1170 vs.
383 1131 602 1170 136--417
622 1129 672 1170 de
690 1130 818 1170 animi
835 1134 986 1170 natura
1002 1134 1128 1185 poeta
1142 1129 1399 1181 disseritita,
1418 1132 1465 1168 ut
1481 1127 1703 1168 136—323

87 1207 138 1248 de
169 1208 307 1248 animo
338 1212 380 1248 et
407 1207 546 1248 anima
567 1220 795 1263 eorumque
818 1207 1139 1260 coniunctione,
1171 1222 1195 1248 a
1218 1208 1442 1248 323—417
1467 1205 1517 1246 de
1537 1204 1703 1246 vinculo

86 1288 211 1338 agat,
253 1284 363 1340 quod
406 1298 500 1325 cum
546 1297 718 1339 corpore
760 1298 809 1326 ea
848 1284 1017 1326 vinciat.
1078 1284 1286 1339 Epicurus
1328 1283 1430 1324 duas
1473 1286 1613 1338 partes
1645 1281 1704 1322 di-

86 1361 234 1401 stinxit
250 1361 293 1401 in
316 1361 468 1414 animo,
492 1360 632 1402 dicens
659 1362 706 1403 τὸ
729 1361 893 1417 ἄλογον
915 1363 957 1404 ἐν
977 1365 1034 1418 τῷ
1056 1362 1192 1417 λοιπῷ
1212 1362 1504 1416 παρεσπάρθαι
1526 1359 1704 1412 σώματι,

85 1439 132 1480 τὸ
174 1436 214 1481 δὲ
252 1439 427 1494 λογικὸν
459 1441 501 1481 ἐν
532 1442 588 1494 ’1-ιρ
619 1439 800 1493 θώρακι,
843 1440 900 1487 ὡς
932 1437 1063 1487 δῆλον
1095 1439 1135 1481 ἔκ
1165 1457 1204 1481 τε
1235 1442 1319 1480 τῶν
1351 1437 1505 1494 φόβων
1537 1440 1598 1479 καὶ
1631 1443 1703 1485 τῆς

86 1518 223 1570 χαρᾶς
254 1513 299 1565 ²).
360 1514 485 1555 Hanc
530 1519 694 1570 partem
735 1515 958 1556 Lucretius
1003 1519 1125 1556 vocat
1165 1515 1352 1556 animum
1399 1514 1487 1554 sive
1518 1516 1704 1554 mentem

90 1605 220 1647 „quae
251 1592 390 1633 media
419 1592 463 1632 in
492 1592 666 1646 regione
688 1593 872 1648 pectoris
894 1592 1082 1633 haeret⁷'.
1120 1592 1229 1645 „Hic
1254 1592 1419 1633 exultat
1441 1591 1554 1632 enim
1576 1605 1705 1646 pavor

85 1683 133 1710 ac
152 1673 289 1710 metus
307 1702 316 1723 ‚
349 1669 453 1711 haec
489 1670 580 1711 loca
599 1670 758 1711 circum
780 1670 968 1711 laetitiae
989 1670 1177 1711 mulcent
1196 1671 1234 1723 ‚’⁷
1268 1670 1377 1710 belle
1402 1669 1502 1710 dicit
1524 1672 1661 1724 poeta.
1676 1667 1703 1721 ³)

84 1746 201 1788 illam
232 1752 373 1788 autem
404 1748 587 1790 animam
608 1749 794 1803 appellat
835 1762 967 1804 „quae
988 1762 1064 1803 per
1091 1752 1226 1788 totum
1249 1748 1394 1788 dissita
1415 1761 1564 1802 corpus
1584 1750 1705 1802 paret

85 1828 128 1866 et
173 1824 226 1865 ad
261 1839 418 1866 numen
457 1825 611 1866 mentis
654 1839 906 1881 momenque
936 1824 1217 1879 movetur.’'4)
1254 1826 1434 1866 Animus
1467 1825 1554 1865 sive
1586 1837 1704 1864 mens

85 1906 150 1944 est
179 1907 305 1957 caput
326 1907 368 1943 et
390 1902 627 1944 dominatur
648 1904 691 1944 in
712 1907 799 1945 toto
822 1918 994 1959 corpore
1012 1936 1022 1957 ‚
1055 1908 1241 1945 attamen
1262 1902 1483 1944 coniuncta
1504 1905 1703 1942 tenentur

85 1979 194 2021 inter
225 1993 269 2021 se
300 1983 425 2036 atque
456 1995 583 2022 unam
613 1985 830 2034 naturam,
876 1981 1086 2034 animum,
1119 1980 1344 2022 conficiunt
1376 1993 1430 2021 ex
1461 1993 1505 2020 se
1522 1977 1567 2029 5).
1599 1978 1703 2019 Ani-

85 2071 178 2098 mus
224 2057 302 2098 sibi
348 2058 459 2099 solus
504 2072 579 2114 per
619 2073 662 2100 se
704 2073 850 2114 sapere
881 2063 1046 2114 potest:
1088 2058 1299 2099 interdum
1330 2057 1486 2112 gaudet
1518 2060 1559 2097 et
1591 2056 1704 2097 dolet

90 2148 185 2175 cum
216 2149 353 2191 neque
384 2136 524 2177 anima
545 2150 683 2192 neque
705 2151 854 2192 corpus
875 2151 1040 2193 quoquo
1060 2136 1182 2177 modo
1201 2139 1548 2179 commoveantur
1566 2149 1574 2175 :
1606 2133 1703 2175 inde

87 2215 229 2254 tamen
259 2227 343 2254 non
375 2215 564 2270 sequitur
595 2228 691 2255 eum
722 2215 774 2256 ab
810 2216 950 2256 anima
981 2219 1189 2256 secretum
1211 2228 1322 2255 esse:
1364 2217 1427 2255 est
1447 2213 1586 2255 animo
1608 2226 1704 2253 cum

86 2289 248 2343 anima,
281 2291 391 2346 quod
422 2292 551 2332 oculis
583 2293 670 2333 sive
702 2292 852 2348 capiti,
886 2292 1026 2334 dolore
1048 2292 1286 2348 temptatis,
1311 2306 1406 2332 cum
1423 2295 1510 2332 toto
1533 2295 1595 2332 est
1616 2304 1702 2332 cor-

86 2380 200 2422 pore.
260 2368 371 2409 Nam
413 2369 485 2410 ubi
531 2369 823 2411 vehementius
864 2370 1042 2412 afficitur
1076 2384 1195 2412 mens
1230 2369 1489 2423 „consentire
1521 2368 1703 2410 animam

129 2501 152 2543 ¹)
200 2501 339 2534 Phaedo.
363 2513 393 2543 p.
419 2504 458 2534 92
481 2513 568 2545 seqq.
592 2503 708 2546 ψυχὴν
732 2504 763 2537 δὲ
787 2505 952 2546 ἁρμονίαν
973 2506 1048 2538 τινὰ
1070 2505 1104 2536 ἐκ
1128 2508 1194 2536 τῶν
1210 2506 1298 2537 κατὰ
1314 2506 1351 2538 τὸ
1369 2507 1461 2544 σῶμα
1477 2502 1702 2543 ἐντεταμένων

85 2565 285 2606 ξυγκεῖσθαι.
333 2565 415 2597 Cum
437 2566 526 2598 hisce
549 2567 655 2599 verbis
678 2568 822 2600 conferas
845 2568 979 2609 Epicuri
1002 2568 1100 2600 verba
1115 2569 1201 2609 apud
1223 2569 1265 2600 D.
1283 2568 1320 2599 L.
1339 2567 1381 2599 X.
1400 2570 1438 2599 65
1453 2592 1460 2606 ‚
1485 2566 1543 2598 ubi
1558 2566 1703 2598 animum

85 2630 198 2658 vocat:
226 2631 262 2660 τὸ
287 2631 461 2661 συντεῖνον
485 2633 553 2661 τῶν
578 2631 711 2671 ἀτόμων
734 2633 869 2670 πλῆθος
896 2631 940 2669 εἷς
963 2633 1028 2669 τὴν
1045 2635 1105 2670 τῆς
1121 2632 1234 2673 ψυχῆς
1250 2631 1360 2672 φύσιν.
1407 2631 1544 2662 Animus
1560 2630 1703 2671 Epicuro

85 2688 187 2730 igitur
219 2690 292 2731 plus
323 2695 371 2722 est
404 2702 501 2733 quam
535 2697 715 2725 atomorum
746 2694 922 2726 multitudo
945 2695 1113 2736 quaedam.
1161 2694 1301 2726 Uberius
1325 2695 1363 2725 de
1387 2694 1522 2726 Platone
1545 2694 1701 2736 Wijtten-

85 2751 221 2784 bachius
244 2754 284 2784 ad
308 2753 426 2786 Phaed.
453 2765 521 2795 cap.
547 2758 598 2786 46.

128 2815 155 2855 2)
202 2816 243 2847 D.
268 2817 306 2848 L.
330 2817 373 2848 X.
399 2819 459 2856 66,
485 2820 535 2849 63.
561 2819 648 2850 Plut.
672 2819 754 2860 plac.
779 2820 838 2852 IV.
862 2823 891 2851 4.

130 2878 155 2918 3)
199 2878 254 2910 Vs.
282 2882 339 2910 140
364 2891 433 2921 sqq.

129 2941 152 2978 ⁴)
198 2942 292 2973 Mens
317 2942 370 2974 cui
392 2953 529 2984 regnum
550 2943 652 2975 totius
675 2943 775 2976 animi
798 2955 817 2976 a
839 2949 959 2978 natura
980 2945 1142 2978 tributum
1166 2949 1224 2978 est.
1274 2945 1394 2979 Cicero.

129 3005 155 3046 5)
202 3005 258 3036 Vs.
289 3008 357 3037 136.
