1894 3235
871 138 922 176 27

88 288 183 315 cum
214 274 264 314 de
295 273 443 314 iisdem
474 277 516 314 et
547 272 640 314 aliis
673 276 905 312 atomorum
937 267 1265 324 proprietatibus
1289 280 1422 307 sermo
1446 265 1536 306 erit.
1570 265 1704 305 Poeta

89 356 256 403 autem,
303 365 395 392 cum
442 365 558 392 suam
600 350 830 390 doctrinam
869 347 1128 401 argumentis
1160 345 1417 396 firmaverit,
1466 342 1517 383 ad
1550 342 1706 382 dissen-

89 429 283 470 tientium
323 428 666 483 philosophorum
712 426 867 482 placita
907 424 1128 465 refutanda
1158 423 1319 464 transit.
1382 421 1560 462 Multam
1594 420 1705 459 enim

89 506 178 560 ipse
223 505 430 560 Epicurus
476 504 590 545 dedit
636 518 832 559 operam,
881 507 927 543 ut
972 503 1147 543 aliorum
1200 501 1430 541 doctrinam
1480 497 1704 551 redargue-

89 586 153 623 ret
180 583 234 635 ¹),
277 596 400 637 quam
440 582 646 623 rationem
678 581 900 621 Lucretius
933 584 1099 620 secutus
1132 583 1207 619 est.
1268 578 1318 618 In
1350 576 1427 617 hac
1459 579 1576 630 parte
1609 588 1704 629 ope-

90 660 146 700 ris
190 664 314 714 poeta
344 660 497 700 refellit
530 659 764 710 Heracliti,
799 657 1096 712 Empedoclis,
1128 657 1412 709 Anaxagorae
1444 653 1703 707 aliorumque

91 737 348 790 doctrinam,
377 737 447 792 qui
484 751 760 792 „quamquam
791 736 925 776 multa
956 736 1062 776 bene
1094 749 1141 776 ac
1174 734 1373 774 divinitus
1405 730 1705 781 inveniebant,

90 815 305 870 principiis
336 820 477 855 tamen
508 814 550 854 in
581 828 721 854 rerum
753 813 888 854 fecere
920 814 1061 853 ruinas
1093 816 1134 852 et
1166 811 1350 866 graviter
1380 808 1522 863 magni
1553 821 1706 861 magno

92 891 279 933 cecidere
309 891 367 932 ibi
399 906 496 932 casu
514 892 590 944 “-’).”

148 968 357 1009 Heracliti
404 968 609 1023 imprimis
656 967 913 1019 doctrinam,
977 981 1072 1007 cum
1120 980 1211 1007 eam
1259 964 1388 1006 Stoici
1420 966 1706 1018 sequerentur,

93 1045 243 1086 acriter
274 1046 493 1100 impugnat
527 1046 795 1098 (635—105,
830 1045 1087 1096 782—802).
1150 1043 1284 1090 Quem
1316 1042 1481 1096 ipsum,
1521 1040 1554 1080 si
1586 1052 1708 1094 quae-

91 1123 224 1175 ritur,
256 1137 357 1163 num
389 1123 613 1164 Lucretius
644 1127 741 1163 ante
774 1122 914 1162 oculos
946 1121 1167 1169 habuerit,
1210 1119 1416 1160 affirmare
1447 1131 1531 1157 non
1561 1116 1706 1157 ausim.

92 1199 229 1240 Multa
259 1213 407 1240 revera
438 1199 582 1252 affert,
625 1213 731 1254 quae
763 1199 814 1240 ab
846 1199 936 1253 ipso
969 1198 1187 1239 Heraclito
1221 1196 1331 1237 dicta
1362 1209 1452 1236 esse
1484 1193 1707 1244 videntur,

93 1277 265 1332 eiusque
313 1276 543 1317 doctrinam
585 1277 780 1329 omnino,
827 1280 1032 1331 quatenus
1078 1275 1247 1330 quidem
1290 1273 1519 1314 diiudicare
1566 1284 1709 1325 possu-

92 1368 213 1407 muS,
276 1368 370 1395 cum
415 1354 496 1395 fide
552 1354 759 1409 expressit
777 1356 838 1407 3),
895 1353 968 1394 sed
1013 1358 1154 1394 tamen
1195 1351 1317 1393 modo
1365 1350 1414 1391 de
1461 1349 1708 1401 Heraclito,

93 1432 216 1473 modo
272 1433 315 1473 in
355 1433 508 1488 plurali
539 1446 714 1473 numero
732 1431 764 1486 4)
813 1432 862 1473 de
911 1432 1060 1473 Stoicis
1107 1436 1224 1486 (quos
1256 1434 1398 1470 tamen
1427 1428 1595 1468 nomine
1627 1440 1710 1466 non

94 1509 267 1563 indicat)
315 1510 526 1566 loquitur:
575 1515 749 1566 apparet
795 1510 924 1564 igitur
966 1523 1062 1550 eum
1103 1507 1369 1549 Heraclitum
1399 1510 1447 1546 ut
1478 1504 1711 1560 principem

97 1592 139 1629 et
184 1588 342 1629 fontem
386 1589 663 1630 invisissimae
706 1588 871 1630 scholae
919 1600 1198 1643 oppugnasse.
1260 1584 1476 1626 Adversus
1518 1582 1712 1638 physicos

102 1772 210 1813 spexit
233 1773 443 1804 sententiam:
469 1776 612 1804 attamen
636 1783 718 1814 quae
742 1773 779 1803 de
803 1773 957 1803 cacumine
973 1771 1065 1802 affert
1082 1776 1113 1802 et
1137 1772 1175 1802 de
1198 1780 1315 1807 causa,
1340 1780 1397 1800 cur
1413 1772 1592 1800 atomorum
1607 1771 1713 1807 partes

97 1834 195 1866 avelli
229 1846 293 1867 non
324 1835 468 1876 possint,
505 1847 570 1868 non
604 1835 776 1876 probarim.
825 1835 901 1867 Huc
933 1835 1068 1866 fortasse
1101 1834 1307 1866 referendum
1341 1836 1390 1864 est
1420 1832 1506 1873 quod
1529 1832 1571 1862 D.
1598 1831 1635 1862 L.
1660 1830 1711 1867 X,

99 1903 138 1932 43
161 1900 257 1932 dicit:
283 1899 358 1933 οὐδὲ
384 1902 447 1942 γάρ
473 1904 548 1931 cett.
583 1900 674 1931 Haec
697 1899 796 1931 verba
819 1899 864 1930 sic
887 1898 1093 1938 interpretari
1116 1897 1236 1929 veh'm:
1262 1907 1366 1938 neque
1390 1895 1490 1933 enim,
1508 1893 1616 1935 inquit
1630 1893 1713 1924 infe-

98 1962 186 2001 rius,
224 1962 258 1993 in
290 1961 456 1993 infinitum
489 1961 587 1993 sectio
622 1965 670 1993 est
693 1961 846 2003 quoniam
870 1960 1043 2002 qualitates
1068 1964 1259 1998 (atomorum
1283 1958 1352 1990 sive
1384 1958 1504 1997 rerum)
1527 1960 1713 1993 mutantur,

98 2026 126 2058 si
148 2025 220 2067 quis
243 2036 308 2057 non
324 2025 453 2057 dubitat
475 2025 592 2063 dicere,
618 2036 671 2057 eas
689 2025 838 2065 (atomos)
858 2024 955 2055 etiam
979 2022 1262 2064 magnitudinibus
1285 2021 1476 2062 simpliciter
1498 2020 1533 2051 in
1549 2018 1714 2050 infinitum

99 2087 236 2120 transire
260 2087 306 2129 (se
330 2088 547 2128 protendere).
594 2086 799 2118 Mutavimus
832 2091 941 2117 autem
973 2086 1059 2126 λέγει
1083 2086 1132 2120 δὲ,
1157 2086 1243 2127 quod
1266 2084 1301 2115 in
1324 2083 1433 2115 codice
1466 2082 1618 2114 Leidensi
1640 2085 1715 2112 ante

101 2151 211 2190 ἐπειδὴ
235 2151 365 2192 legitur,
390 2150 447 2181 ubi
470 2161 565 2181 suum
588 2150 696 2182 locum
719 2161 783 2180 non
806 2149 914 2187 habet,
938 2149 972 2180 in
995 2148 1114 2190 λέγειν,
1137 2148 1220 2189 quod
1245 2146 1412 2187 posuimus
1428 2149 1499 2186 post
1515 2146 1625 2186 μέλλει
1644 2154 1713 2180 rec:

101 2212 216 2245 deinde
252 2213 432 2253 ἐκβάλλειν
466 2213 552 2254 quod
586 2223 716 2244 sensum
748 2223 812 2243 non
844 2211 996 2252 praebet,
1034 2209 1234 2241 mutavimus
1268 2209 1302 2239 in
1335 2209 1511 2249 ἐκβαίνειν.
1555 2207 1717 2246 Legamus

100 2275 222 2317 igitur:
259 2275 332 2308 οὐδὲ
371 2276 433 2318 γάρ
458 2276 560 2317 φησὶν
583 2274 762 2314 ἐνδοτέρω,
799 2274 842 2310 εἰς
866 2275 1006 2314 ἄπειρον
1032 2273 1050 2311 ὴ
1076 2274 1160 2313 τομὴ
1185 2272 1363 2314 τυγχάνει,
1388 2270 1500 2308 ἐπειδὴ
1524 2269 1715 2311 αὶαποιότη·

103 2351 156 2376 τες
187 2339 461 2379 μεταβάλλονται
497 2337 523 2369 εἰ
556 2339 600 2378 μή
633 2337 744 2378 μέλλει
777 2349 828 2374 τις
861 2337 970 2378 λέγειν
1003 2337 1057 2367 καὶ
1081 2338 1151 2372 τοῖς
1175 2335 1345 2377 μεγέθεσιν
1370 2335 1488 2370 ἁπλῶς
1512 2332 1555 2369 εἰς
1579 2334 1717 2372 ἄπειρον

101 2402 208 2438 αὐτὰς
231 2400 414 2441 ἐκβαίνειν.

145 2463 168 2501 1)
213 2464 425 2503 Anaxagorae
462 2461 641 2493 doctrinam
674 2461 792 2502 partim
815 2461 981 2502 redarguit
1005 2461 1060 2493 (D.
1086 2461 1123 2492 L.
1149 2461 1201 2498 X,
1239 2461 1314 2499 12):
1348 2459 1468 2489 librum
1491 2456 1639 2497 scripsit,
1664 2454 1717 2486 cui

102 2526 239 2557 titulus:
273 2527 439 2566 Ἐπιτομὴ
463 2528 530 2557 τῶν
555 2528 639 2566 πρὸς
664 2527 741 2562 τοὺς
765 2526 922 2565 φυσικοὺς
949 2524 1003 2565 (D.
1029 2524 1066 2554 L.
1091 2524 1122 2554 X
1138 2547 1145 2561 ,
1171 2523 1243 2563 27);
1267 2532 1381 2562 porro:
1409 2525 1493 2561 πρὸς
1509 2517 1716 2561 Μεγαρίκους

105 2589 284 2629 &aun-optat.
331 2588 470 2629 Cynicos
502 2588 705 2629 oppugnavit
742 2588 797 2624 (D.
823 2588 858 2618 L.
892 2587 946 2625 X,
986 2587 1081 2627 119);
1108 2587 1262 2617 adversus
1288 2584 1485 2626 Cyrenaicos
1508 2582 1636 2622 scripsit
1661 2582 1716 2621 (D.

105 2652 142 2684 L.
168 2652 218 2689 Χ,
246 2653 322 2689 136,
350 2653 433 2690 137).
480 2652 650 2682 Praeterea
673 2661 689 2681 e
712 2650 903 2691 fragmentis
937 2650 1014 2681 satis
1046 2653 1179 2690 apparet
1213 2659 1285 2679 eum
1310 2648 1464 2678 adversus
1487 2645 1566 2677 alios
1590 2655 1718 2687 quoque

105 2714 270 2755 scripsisse
293 2715 332 2745 cf.
356 2714 428 2745 Vol.
455 2715 550 2745 Herc.
577 2714 613 2745 ΙΙ
639 2716 711 2754 περὶ
737 2715 880 2755 φύσεως,
906 2713 964 2751 11,
990 2713 1048 2744 col.
1073 2713 1153 2744 VH.

149 2778 173 2814 2)
219 2778 259 2816 Ι,
285 2779 344 2810 736
368 2787 455 2818 seqq.

149 2841 173 2878 3)
219 2841 314 2872 Lucr.
340 2841 378 2878 Ι,
414 2842 496 2878 635,
533 2839 691 2870 Miillach.
716 2839 830 2879 fragm.
867 2839 997 2870 Heracl.
1023 2840 1083 2877 493
1120 2839 1156 2877 I,
1182 2840 1264 2876 6933
1302 2837 1395 2868 Mun.
1421 2838 1460 2868 fr.
1487 2840 1524 2868 23
1540 2861 1547 2875 ‚
1574 2837 1609 2875 Ι,
1636 2839 1718 2874 783;

108 2903 206 2934 Miill.
230 2903 269 2934 fr.
295 2905 354 2941 31,
388 2902 477 2934 31111(1
510 2906 619 2933 tamen
643 2904 693 2932 59.
739 2902 800 2933 Ad.
825 2913 872 2933 vs.
900 2904 960 2933 699
985 2913 1071 2943 seqq.
1098 2902 1133 2933 cf
1152 2904 1316 2942 praeterea
1354 2901 1581 2933 Teichmuller.
1627 2901 1721 2933 Neue

111 2965 268 3004 Studien,
291 2976 364 3006 pag.
390 2967 452 3004 993
475 2966 516 2996 ad
539 2967 599 2996 665
624 2975 710 3006 seqq.
736 2964 841 2996 Zeller
863 2965 880 2996 I
895 2989 902 3003 ‚
926 2975 999 3006 pag.
1024 2966 1085 2996 594
1109 2965 1157 2996 ed.
1183 2968 1223 3003 4,
1251 2965 1341 2997 1877.

152 3027 179 3069 4)
228 3027 266 3066 I,
291 3029 350 3058 655
375 3038 466 3068 sqq.,
491 3029 551 3058 665
579 3037 685 3068 seqq,
711 3028 792 3065 705,
819 3028 889 3059 782.
